3050 4848
584 349 842 471 *ib-⁴¹

107 533 189 610 sunt,
218 525 296 606 quod
322 528 379 589 illis
406 527 609 609 Mosoicafest
634 530 695 606 lex,
724 524 828 602 οἵτινες
849 524 1045 592 ἐνδείκνυνται
1065 518 1100 592 τὸ
1123 520 1206 613 ἔργον
1226 524 1279 593 τοῦ

106 630 198 716 νόμου
220 628 368 716 (Mosaici)
390 625 524 713 γραπτὸν
546 629 576 694 ἐν
597 636 667 705 ταῖς
688 628 825 713 καρδίαις
846 625 941 694 αὐτῶν
962 653 991 695 κ.
1013 653 1041 694 τ.
1056 634 1083 695 l.
1107 652 1135 692 v.
1162 635 1201 698 14
1215 653 1239 694 s.
1252 629 1279 716 ¹)

108 740 188 798 Inest
207 737 297 812 igitur
318 735 377 811 legi
399 734 519 812 aliquid,
542 735 621 809 qued
644 734 732 794 etiem
754 740 867 813 gentes,-
889 740 995 795 nature
1010 735 1135 814 quidem,
1158 736 1278 814 faciunt,

108 846 196 916 etque
210 838 348 915 idipsum
364 856 466 898 verum
481 833 563 920 ἔργον
577 820 678 920 νόμον,
695 837 816 898 Moseici
830 838 954 916 scilicet,
972 844 1028 911 est3
1050 839 1123 899 nihil
1137 839 1217 900 eliud
1231 841 1279 900 lex

107 942 239 1003 Mosaios
267 961 337 1002 vere
366 942 508 1019 postulat,
540 937 732 1016 quam‘quod
761 940 791 1000 in
823 941 964 1010 cordibus¹
986 942 1111 1003 omnium
1132 943 1280 1004 hominum

106 1045 278 1122 inscriptum
309 1050 353 1105 est
383 1051 413 1105 et
442 1045 489 1104 cui
517 1042 681 1126 συνείδησις
710 1063 809 1105 eorum
841 1050 1052 1128 συμμαρτυρεῖ.
1097 1046 1171 1106 Vide
1194 1064 1281 1121 quum

106 1150 195 1210 laude
226 1149 315 1224 digno
343 1149 437 1208 Paulo
467 1147 603 1209 videatur
632 1142 666 1210 τὸ
697 1143 780 1230 ἔργον
809 1149 862 1210 τοῦ
890 1143 991 1230 νόμον,
1022 1168 1081 1210 non
1111 1167 1180 1211 vero
1208 1145 1281 1232 ἔργα

106 1248 206 1335 νόμον.
255 1251 341 1324 Quod
370 1252 396 1311 si
424 1250 488 1327 quis
520 1252 576 1310 hoc
598 1269 699 1310 verum
721 1269 795 1327 opus
817 1251 891 1327 legis
913 1270 972 1311 non
994 1234 1076 1329 lecit,
1100 1247 1282 1335 ἁμαρτωλός

104 1361 163 1421 est.
206 1356 316 1432 Legem
338 1354 496 1415 Mosaicem
521 1354 618 1439 'igitur
639 1354 664 1413 is
686 1354 788 1430 implet
813 1354 855 1414 ite
877 1360 910 1415 ut
941 1349 996 1438 τὴν
1018 1351 1205 1438 δικαιοσύνην
1226 1350 1282 1438 τὴν

109 1458 144 1523 ἐκ
172 1460 224 1521 τοῦ
253 1453 343 1540 νόμου
373 1459 482 1517 hebeat
512 1459 595 1517 Rom.
622 1459 669 1536 10,
694 1459 726 1536 5,
751 1457 799 1533 (γυί
825 1454 856 1540 1)
886 1458 1001 1534 singula
1027 1460 1090 1536 ejus
1111 1464 1281 1538 praecepte,

108 1566 191 1624 velut
213 1560 473 1637 circumcisionem,
498 1562 649 1639 observet,
675 1556 707 1642 2)
730 1560 779 1635 qui
801 1580 865 1621 eom
887 1562 1047 1622 secundum
1062 1581 1178 1622 sensum
1199 1561 1280 1622 illurn

108 1667 262 1728 sublimem
284 1670 314 1724 et
337 1682 515 1724 communem
536 1664 653 1740 implet;
665 1659 692 1746 2-)
713 1663 777 1723 fieri
798 1669 909 1743 potest,
932 1670 965 1724 ut
985 1665 1038 1724 ille
1059 1666 1164 1740 aliquis
1185 1667 1283 1733 obser·

109 1773 173 1847 vet,
200 1768 278 1828 hunc
303 1786 363 1827 non
389 1767 522 1846 impleat,
552 1768 600 1826 vel
626 1771 659 1825 ut
681 1785 717 1826 ex
739 1767 797 1828 illis
818 1768 877 1827 alia
899 1770 1049 1847 observet,
1073 1769 1131 1829 clia
1153 1788 1212 1829 non
1233 1771 1283 1829 ob·

110 1876 223 1954 servet3
251 1876 313 1931 tum
342 1890 378 1930 ee
407 1889 482 1946 qnae
513 1872 666 1947 observet,
697 1870 770 1929 nihil
802 1871 829 1931 ei
866 1876 1002 1948 prosunt:
1033 1868 1216 1955 παραβάτης
1238 1877 1284 1932 est

111 1978 194 2036 Rem.
217 1977 247 2054 2,
271 1974 320 2036 25.
370 1975 478 2034 Contra
499 1973 524 2033 si
547 1974 611 2049 quis
633 1972 660 2033 ei
682 1974 843 2034 seeundum
857 1993 974 2047 sensum
989 1975 1141 2035 sublimem
1154 1975 1284 2049 perfecte

110 2079 248 2139 oboedire
278 2082 391 2155 potest,
422 2077 473 2137 illa
503 2082 553 2137 unt
583 2074 622 2163 (si
651 2078 706 2137 sub
736 2078 801 2153 lege
831 2073 890 2161 est)
919 2080 1007 2156 plane
1030 2080 1169 2138 observat
1185 2074 1284 2162 ,((γυοᾶ

110 2201 178 2241 num
193 2182 256 2241 fieri
271 2181 372 2259 possit,
390 2181 478 2257 paulo
494 2185 562 2257 post
577 2176 765 2262 disseremus)
778 2186 829 2241 eut
840 2176 920 2266 (lege
932 2178 1063 2263 sublata)
1075 2182 1160 2242 salve
1167 2181 1284 2260 justitie

110 2287 209 2345 eorum
224 2284 430 2345 obseruatione
445 2283 586 2344 liberatus
602 2289 655 2343 est.
686 2285 851 2360 Praecepta
874 2284 949 2344 enim
971 2285 1023 2345 illa
1046 2284 1116 2345 deta
1138 2290 1205 2344 sunt
1220 2303 1283 2345 sen·

110 2408 159 2449 sus
181 2388 259 2450 illius
274 2387 405 2448 sublimis
421 2405 519 2448 censa.
564 2383 604 2448 Οί
625 2381 682 2450 ὑπὸ
704 2381 793 2469 νόμον
815 2387 879 2448 Gal.
903 2389 932 2468 4,
955 2389 976 2446 4
998 2389 1046 2447 vel
1069 2385 1096 2450 οί
1117 2383 1173 2451 ὑπὸ
1195 2383 1285 2470 νόμον

108 2483 408 2566 benemeritorum.
432 2510 461 2550 v.
485 2492 524 2551 21
550 2495 688 2569 caveant,
712 2508 748 2550 ne
770 2490 828 2550 illis
851 2491 1014 2552 observatis
1030 2473 1284 2569 huncnegligant.

48 2586 61 2593 ”
110 2596 208 2667 Quare
232 2597 295 2663 eol.
320 2597 349 2674 5,
373 2598 413 2656 23
437 2594 615 2655 enumeratis
637 2593 761 2670 Spiritus
783 2594 884 2655 Sancti
903 2595 1060 2674 fructibus,
1078 2596 1160 2656 velut
1175 2606 1283 2673 emere,

110 2718 196 2779 pace,
220 2699 303 2777 eliis,
333 2699 417 2758 addit
445 2699 608 2775 apostolus:
642 2693 726 2760 κατὰ
753 2698 811 2760 τῶν
841 2693 981 2762 τοιούτων
1010 2694 1063 2761 οὐκ
1085 2695 1164 2762 ἔστιν
1184 2694 1284 2781 νόμος,

109 2809 144 2862 nt
164 2807 260 2881 notet,
284 2802 361 2862 idem
383 2803 459 2861 velle
481 2802 577 2877 legem
592 2800 768 2879 Menalcam,
792 2800 870 2875 quod
895 2807 987 2877 agant
1013 2802 1164 2862 christiani
1179 2821 1286 2862 novam

111 2906 202 2966 vitem
223 2911 368 2982 gerentes.
412 2904 493 2964 Dicit
515 2904 603 2964 etiam
624 2903 771 2965 nonnullis
799 2903 884 2982 locis,
914 2924 932 2963 a
957 2904 1092 2965 fidelibus
1118 2900 1171 2968 τὸν
1197 2901 1287 2987 νόμον

110 3009 308 3093 πληροῦσὶιαι,
333 3009 414 3068 velut
432 3009 498 3069 (lel.
516 3009 544 3087 5,
569 3009 621 3080 143
642 3011 670 3086 6,
695 3010 731 3088 23
751 3013 838 3082 etque
858 3010 941 3068 Rom.
959 3010 987 3086 2,
1007 3009 1046 3069 26
1064 3008 1161 3088 ponit,
1183 3013 1288 3085 gentes

111 3108 153 3175 τὰ
167 3109 360 3196 δικαιώματα
373 3113 427 3174 τοῦ
441 3107 531 3193 νόμου
546 3112 589 3172 ita
603 3106 777 3194 φυλάσσειν,
795 3117 826 3171 ut
840 3112 1026 3189 praeputium
1040 3111 1075 3172 iis
1090 3130 1143 3188 pro
1167 3112 1286 3173 circum·

91 3217 235 3295 cisione,
259 3221 354 3277 status
376 3215 450 3291 legis
472 3215 618 3274 Moseicae
640 3215 806 3291 praeceptis
829 3215 951 3291 singulis
974 3215 1125 3292 oppositus
1139 3235 1193 3293 pro
1208 3220 1287 3276 statu

112 3321 171 3397 legi
197 3338 326 3396 congruo
353 3320 507 3379 habeatur.
563 3319 635 3379 Sunt
657 3318 746 3393 igitur
768 3314 961 3401 δικαιώματα
983 3300 1125 3394 quaedum
1159 3319 1189 3378 in
1221 3319 1287 3395 lege

111 3424 255 3502 Moseice,
280 3423 384 3499 quibus
405 3421 569 3482 observatis
591 3426 654 3481 tota
677 3422 724 3480 lex
752 3417 938 3503 impletur33)
971 3441 1046 3496 quae
1069 3423 1212 3499 quemodo
1236 3423 1287 3482 ob-

14 3518 15 3521 *
111 3528 224 3589 servari
252 3526 381 3605 possint,
412 3527 462 3585 illo
493 3526 558 3584 loco
589 3543 648 3584 non
677 3525 849 3601 explicatur.
904 3524 987 3597 Quae
1018 3545 1088 3586 vero
1122 3525 1180 3585 sint
1213 3527 1287 3585 huec

110 3627 318 3715 δικαιώματα,
350 3629 535 3706 cognoscitur
562 3647 598 3688 ex
630 3628 695 3688 Gal.
719 3630 748 3705 5,
775 3631 826 3688 14:
857 3623 872 3691 ὁ
904 3624 961 3712 γὰρ
983 3626 1073 3712 νόμος
1095 3627 1125 3692 ἐν
1147 3624 1189 3692 ένί
1211 3622 1306 3714 λόγῳ

112 3704 330 3818 πεπλήρωται,ἢ
345 3732 375 3797 ἐν
388 3734 431 3816 τῷ
444 3726 625 3815 Ἀγαπήσεις
638 3726 690 3793 τὀν
704 3728 828 3814 πλησίον
843 3749 894 3795 σου
909 3726 949 3806 ὡς
963 3728 1083 3807 ἑαυτόν,
1100 3730 1188 3806 atque
1204 3735 1232 3811 6,
1250 3734 1286 3791 2:

207 3939 344 4009 1)1Ιοιιιοαι,
372 3937 424 3987 Der
449 3933 913 4002 Aposrer.Paulus,183c,p.lser
942 3934 1016 3987 Wenc
1042 3935 1081 3986 die
1110 3936 1219 4001 Heidcn,
1247 3936 1285 3987 dic

113 4023 167 4080 ίοεία
187 4028 315 4094 poenum)
338 4022 419 4075 Geretz
436 4024 510 4074 baben
528 4033 568 4076 erc.
592 4051 625 4059 -
652 4019 781 4093 ²)IImmcr
798 4022 816 4074 l.
835 4037 857 4077 c.
875 4039 901 4090 p.
920 4022 980 4074 277:
1006 4039 1048 4088 „so
1066 4021 1130 4088 fir'llt
1152 4023 1199 4073 itm
1217 4024 1285 4087 dccl,

114 4130 180 4166 werse
205 4131 230 4164 ec
255 4113 306 4164 siclo
329 4125 369 4163 ααι
396 4111 441 4161 den
458 4109 541 4163 ΙαΙιαίι
567 4109 608 4159 des
628 4108 733 4160 δευοίατο
750 4109 859 4172 bundelt,
878 4109 924 4159 das
945 4106 1047 4159 Gewiclrt
1064 4110 1116 4174 auf
1128 4107 1167 4159 die
1183 4109 1288 4160 sicciore

90 4197 94 4203 ’
115 4200 205 4254 Βοίιοέί
221 4228 255 4239 -·-
274 4196 296 4264 θ)
314 4197 398 4263 Βυυγ,
418 4196 523 4261 Paulus,
541 4196 579 4259 ΙΙ,
593 4214 621 4262 p.
640 4194 704 4247 176:
731 4195 844 4261 „welches
862 4193 978 4247 Wcodelc
991 4196 1052 4245 nael
1064 4194 1116 4244 dero
1131 4193 1209 4247 Gerre
1221 4180 1290 4246 zwcr¹

115 4284 170 4337 kern
196 4280 308 4356 ἐμμένειν
335 4284 360 4353 γίν
390 4287 453 4338 πᾶσι
479 4288 530 4346 τοῖς
562 4282 765 4352 γεγραμμένοις.
786 4323 791 4336 .
811 4284 853 4347 ist,
873 4320 898 4335 ..
916 4285 973 4333 aber
990 4301 1022 4333 an
1040 4280 1114 4332 Stella
1132 4282 1207 4332 dieser
1226 4283 1288 4332 llosr

115 4375 284 4440 quantitativcn
304 4370 532 4436 Geretzescrfrllluup
550 4372 580 4421 ist
597 4370 635 4421 die
653 4370 790 4433 qualitative
805 4373 924 4432 petreten“
941 4380 982 4420 etc.

1050 4456 1084 4509 2.
