<?xml version="1.0" encoding="UTF-8"?>
<!DOCTYPE html PUBLIC "-//W3C//DTD XHTML 1.0 Transitional//EN"
    "http://www.w3.org/TR/xhtml1/DTD/xhtml1-transitional.dtd">
<html xmlns="http://www.w3.org/1999/xhtml" xml:lang="en" lang="en">
 <head>
  <title>
</title>
<meta http-equiv="Content-Type" content="text/html;charset=utf-8" />
  <meta name='ocr-system' content='tesseract 3.04.00' />
  <meta name='ocr-capabilities' content='ocr_page ocr_carea ocr_par ocr_line ocrx_word'/>
</head>
<body>
  <div class='ocr_page' id='page_1' title='image "./defideinotionee01schngoog_0020.png"; bbox 0 0 3050 4848; ppageno 0'>
   <div class='ocr_carea' id='block_1_1' title="bbox 641 324 849 383">
    <p class='ocr_par' dir='ltr' id='par_1_1' title="bbox 641 324 849 383">
     <span class='ocr_line' id='line_1_1' title="bbox 641 324 849 383; baseline -0.014 -18"><span class='ocrx_word' id='word_1_1' title='bbox 641 324 849 383; x_wconf 69' lang='lat'><em>„11-</em></span> 
     </span>
    </p>
   </div>
   <div class='ocr_carea' id='block_1_2' title="bbox 81 487 1397 4180">
    <p class='ocr_par' dir='ltr' id='par_1_2' title="bbox 81 487 1397 3253">
     <span class='ocr_line' id='line_1_2' title="bbox 160 487 1333 573; baseline -0.005 -19"><span class='ocrx_word' id='word_1_2' title='bbox 160 487 342 573; x_wconf 77' lang='grc' dir='ltr'>ποιραδόσεις</span> <span class='ocrx_word' id='word_1_3' title='bbox 364 494 402 568; x_wconf 92' lang='grc' dir='ltr'>ΙΙ,</span> <span class='ocrx_word' id='word_1_4' title='bbox 427 494 455 568; x_wconf 90' lang='grc'>2,</span> <span class='ocrx_word' id='word_1_5' title='bbox 482 492 534 569; x_wconf 89' lang='grc'>15,</span> <span class='ocrx_word' id='word_1_6' title='bbox 556 493 595 567; x_wconf 87' lang='grc'>,3,</span> <span class='ocrx_word' id='word_1_7' title='bbox 620 494 638 550; x_wconf 89' lang='grc'><strong>6</strong></span> <span class='ocrx_word' id='word_1_8' title='bbox 661 491 874 559; x_wconf 83' lang='lat' dir='ltr'>observandae.</span> <span class='ocrx_word' id='word_1_9' title='bbox 919 491 1036 550; x_wconf 80' lang='lat' dir='ltr'>Debent</span> <span class='ocrx_word' id='word_1_10' title='bbox 1066 488 1216 549; x_wconf 79' lang='lat' dir='ltr'>christiani</span> <span class='ocrx_word' id='word_1_11' title='bbox 1242 487 1333 548; x_wconf 85' lang='lat' dir='ltr'>imita·</span> 
     </span>
     <span class='ocr_line' id='line_1_3' title="bbox 160 592 1333 671; baseline -0.001 -18"><span class='ocrx_word' id='word_1_12' title='bbox 160 599 239 654; x_wconf 89' lang='lat' dir='ltr'>tores</span> <span class='ocrx_word' id='word_1_13' title='bbox 272 594 334 653; x_wconf 89' lang='lat' dir='ltr'>fieri</span> <span class='ocrx_word' id='word_1_14' title='bbox 367 594 493 670; x_wconf 86' lang='lat' dir='ltr'>apostoli</span> <span class='ocrx_word' id='word_1_15' title='bbox 527 599 556 653; x_wconf 92' lang='lat' dir='ltr'>et</span> <span class='ocrx_word' id='word_1_16' title='bbox 585 594 703 653; x_wconf 88' lang='lat' dir='ltr'>Domini</span> <span class='ocrx_word' id='word_1_17' title='bbox 729 596 751 671; x_wconf 98' lang='grc' dir='ltr'>Ι,</span> <span class='ocrx_word' id='word_1_18' title='bbox 782 597 808 670; x_wconf 91' lang='lat' dir='ltr'>l,</span> <span class='ocrx_word' id='word_1_19' title='bbox 834 597 866 671; x_wconf 90' lang='grc'>6,</span> <span class='ocrx_word' id='word_1_20' title='bbox 894 595 930 671; x_wconf 93' lang='grc' dir='ltr'>ΙΙ,</span> <span class='ocrx_word' id='word_1_21' title='bbox 955 599 984 671; x_wconf 90' lang='grc'>3,</span> <span class='ocrx_word' id='word_1_22' title='bbox 1008 594 1037 652; x_wconf 83' lang='lat'>7.</span> <span class='ocrx_word' id='word_1_23' title='bbox 1061 595 1094 668; x_wconf 94' lang='grc'>9,</span> <span class='ocrx_word' id='word_1_24' title='bbox 1129 593 1237 651; x_wconf 90' lang='lat' dir='ltr'>debent</span> <span class='ocrx_word' id='word_1_25' title='bbox 1270 592 1333 652; x_wconf 88' lang='lat' dir='ltr'>Deo</span> 
     </span>
     <span class='ocr_line' id='line_1_4' title="bbox 161 691 1333 783; baseline -0.003 -28"><span class='ocrx_word' id='word_1_26' title='bbox 161 696 270 756; x_wconf 83' lang='lat' dir='ltr'>servire</span> <span class='ocrx_word' id='word_1_27' title='bbox 292 699 315 774; x_wconf 93' lang='grc' dir='ltr'>Ι,</span> <span class='ocrx_word' id='word_1_28' title='bbox 341 700 368 783; x_wconf 77' lang='grc'>1,</span> <span class='ocrx_word' id='word_1_29' title='bbox 393 701 421 774; x_wconf 95' lang='grc'>9,</span> <span class='ocrx_word' id='word_1_30' title='bbox 445 701 618 779; x_wconf 78' lang='grc' dir='ltr'>περιπατεῖν</span> <span class='ocrx_word' id='word_1_31' title='bbox 646 691 739 772; x_wconf 77' lang='grc' dir='ltr'><strong>ἀξίως</strong></span> <span class='ocrx_word' id='word_1_32' title='bbox 764 698 816 759; x_wconf 79' lang='grc' dir='ltr'>τοῦ</span> <span class='ocrx_word' id='word_1_33' title='bbox 836 695 912 761; x_wconf 61' lang='lat' dir='ltr'>beeri</span> <span class='ocrx_word' id='word_1_34' title='bbox 937 694 1259 771; x_wconf 60' lang='lat' dir='ltr'>cohaerebimus</span> <span class='ocrx_word' id='word_1_35' title='bbox 1285 694 1333 770; x_wconf 90' lang='grc'>12,</span> 
     </span>
     <span class='ocr_line' id='line_1_5' title="bbox 81 794 1335 881; baseline -0.004 -21"><span class='ocrx_word' id='word_1_36' title='bbox 81 844 93 867; x_wconf 83' lang='grc'>.</span> <span class='ocrx_word' id='word_1_37' title='bbox 160 805 238 860; x_wconf 84' lang='lat' dir='ltr'>sture</span> <span class='ocrx_word' id='word_1_38' title='bbox 269 797 299 858; x_wconf 93' lang='lat' dir='ltr'>in</span> <span class='ocrx_word' id='word_1_39' title='bbox 329 800 454 859; x_wconf 89' lang='lat' dir='ltr'>Domino</span> <span class='ocrx_word' id='word_1_40' title='bbox 476 801 499 876; x_wconf 93' lang='grc' dir='ltr'>Ι,</span> <span class='ocrx_word' id='word_1_41' title='bbox 523 801 552 876; x_wconf 91' lang='grc'>3,</span> <span class='ocrx_word' id='word_1_42' title='bbox 576 802 610 876; x_wconf 86' lang='grc'>8,</span> <span class='ocrx_word' id='word_1_43' title='bbox 643 794 798 881; x_wconf 79' lang='grc' dir='ltr'>ἄμεμπτοι</span> <span class='ocrx_word' id='word_1_44' title='bbox 828 818 906 876; x_wconf 88' lang='lat' dir='ltr'>esse,</span> <span class='ocrx_word' id='word_1_45' title='bbox 936 798 976 858; x_wconf 88' lang='lat' dir='ltr'>ib.</span> <span class='ocrx_word' id='word_1_46' title='bbox 1002 799 1055 874; x_wconf 88' lang='grc'>13,</span> <span class='ocrx_word' id='word_1_47' title='bbox 1078 797 1196 873; x_wconf 89' lang='lat' dir='ltr'>placere</span> <span class='ocrx_word' id='word_1_48' title='bbox 1218 796 1282 856; x_wconf 88' lang='lat' dir='ltr'>Deo</span> <span class='ocrx_word' id='word_1_49' title='bbox 1305 800 1335 856; x_wconf 88' lang='lat' dir='ltr'>et</span> 
     </span>
     <span class='ocr_line' id='line_1_6' title="bbox 159 896 1335 981; baseline -0.003 -19"><span class='ocrx_word' id='word_1_50' title='bbox 159 902 309 963; x_wconf 79' lang='lat' dir='ltr'>uberiores</span> <span class='ocrx_word' id='word_1_51' title='bbox 343 903 430 963; x_wconf 87' lang='lat' dir='ltr'>etiam</span> <span class='ocrx_word' id='word_1_52' title='bbox 464 896 527 962; x_wconf 86' lang='lat' dir='ltr'>fieri</span> <span class='ocrx_word' id='word_1_53' title='bbox 554 904 577 979; x_wconf 90' lang='grc' dir='ltr'>Ι,</span> <span class='ocrx_word' id='word_1_54' title='bbox 606 903 636 981; x_wconf 91' lang='grc'>4,</span> <span class='ocrx_word' id='word_1_55' title='bbox 667 905 693 961; x_wconf 95' lang='grc'>1.</span> <span class='ocrx_word' id='word_1_56' title='bbox 725 905 763 962; x_wconf 89' lang='grc'>19</span> <span class='ocrx_word' id='word_1_57' title='bbox 791 902 827 962; x_wconf 88' lang='lat' dir='ltr'>cf.</span> <span class='ocrx_word' id='word_1_58' title='bbox 857 904 886 980; x_wconf 89' lang='grc'>2,</span> <span class='ocrx_word' id='word_1_59' title='bbox 912 902 964 980; x_wconf 95' lang='grc'>15,</span> <span class='ocrx_word' id='word_1_60' title='bbox 995 901 1105 961; x_wconf 89' lang='lat' dir='ltr'>debent</span> <span class='ocrx_word' id='word_1_61' title='bbox 1136 899 1283 960; x_wconf 89' lang='lat' dir='ltr'>abstinere</span> <span class='ocrx_word' id='word_1_62' title='bbox 1316 918 1335 959; x_wconf 85' lang='lat' dir='ltr'>a</span> 
     </span>
     <span class='ocr_line' id='line_1_7' title="bbox 159 1001 1335 1082; baseline -0.003 -18"><span class='ocrx_word' id='word_1_63' title='bbox 159 1005 263 1065; x_wconf 88' lang='lat' dir='ltr'>scortis</span> <span class='ocrx_word' id='word_1_64' title='bbox 293 1010 322 1065; x_wconf 90' lang='lat' dir='ltr'>et</span> <span class='ocrx_word' id='word_1_65' title='bbox 356 1004 483 1064; x_wconf 88' lang='lat' dir='ltr'>avaritia</span> <span class='ocrx_word' id='word_1_66' title='bbox 506 1006 528 1080; x_wconf 91' lang='grc' dir='ltr'>Ι,</span> <span class='ocrx_word' id='word_1_67' title='bbox 552 1005 581 1082; x_wconf 90' lang='grc'>4,</span> <span class='ocrx_word' id='word_1_68' title='bbox 606 1007 679 1065; x_wconf 87' lang='lat' dir='ltr'>3ss.</span> <span class='ocrx_word' id='word_1_69' title='bbox 724 1006 818 1065; x_wconf 90' lang='lat' dir='ltr'>Multa</span> <span class='ocrx_word' id='word_1_70' title='bbox 845 1005 903 1064; x_wconf 88' lang='lat' dir='ltr'>alia</span> <span class='ocrx_word' id='word_1_71' title='bbox 929 1008 1089 1081; x_wconf 86' lang='lat' dir='ltr'>praecepta</span> <span class='ocrx_word' id='word_1_72' title='bbox 1115 1001 1198 1062; x_wconf 89' lang='lat' dir='ltr'>addit</span> <span class='ocrx_word' id='word_1_73' title='bbox 1225 1002 1335 1062; x_wconf 83' lang='lat' dir='ltr'>Paulus</span> 
     </span>
     <span class='ocr_line' id='line_1_8' title="bbox 159 1105 1334 1186; baseline -0.003 -18"><span class='ocrx_word' id='word_1_74' title='bbox 159 1107 310 1184; x_wconf 88' lang='lat' dir='ltr'>generalia</span> <span class='ocrx_word' id='word_1_75' title='bbox 340 1113 369 1168; x_wconf 90' lang='lat' dir='ltr'>et</span> <span class='ocrx_word' id='word_1_76' title='bbox 399 1107 554 1185; x_wconf 75' lang='lat' dir='ltr'>specialia,</span> <span class='ocrx_word' id='word_1_77' title='bbox 586 1108 622 1167; x_wconf 81' lang='lat' dir='ltr'>cf.</span> <span class='ocrx_word' id='word_1_78' title='bbox 653 1109 675 1185; x_wconf 95' lang='grc' dir='ltr'>Ι,</span> <span class='ocrx_word' id='word_1_79' title='bbox 706 1109 735 1186; x_wconf 89' lang='grc'>4,</span> <span class='ocrx_word' id='word_1_80' title='bbox 767 1110 796 1167; x_wconf 87' lang='grc'>3.</span> <span class='ocrx_word' id='word_1_81' title='bbox 831 1110 879 1168; x_wconf 91' lang='grc'>11.</span> <span class='ocrx_word' id='word_1_82' title='bbox 914 1109 968 1185; x_wconf 90' lang='grc'>12,</span> <span class='ocrx_word' id='word_1_83' title='bbox 999 1108 1028 1185; x_wconf 87' lang='grc'>5,</span> <span class='ocrx_word' id='word_1_84' title='bbox 1061 1110 1137 1184; x_wconf 73' lang='grc' dir='ltr'>θοι,</span> <span class='ocrx_word' id='word_1_85' title='bbox 1167 1107 1205 1183; x_wconf 90' lang='grc' dir='ltr'>Π,</span> <span class='ocrx_word' id='word_1_86' title='bbox 1229 1107 1258 1183; x_wconf 91' lang='grc'>3,</span> <span class='ocrx_word' id='word_1_87' title='bbox 1285 1105 1334 1165; x_wconf 89' lang='grc'>13.</span> 
     </span>
     <span class='ocr_line' id='line_1_9' title="bbox 159 1208 1336 1287; baseline -0.004 -16"><span class='ocrx_word' id='word_1_88' title='bbox 159 1214 194 1271; x_wconf 91' lang='lat' dir='ltr'>Iu</span> <span class='ocrx_word' id='word_1_89' title='bbox 217 1211 351 1271; x_wconf 88' lang='lat' dir='ltr'>omuibus</span> <span class='ocrx_word' id='word_1_90' title='bbox 373 1230 444 1271; x_wconf 87' lang='lat' dir='ltr'>vero</span> <span class='ocrx_word' id='word_1_91' title='bbox 467 1210 511 1270; x_wconf 93' lang='lat' dir='ltr'>his</span> <span class='ocrx_word' id='word_1_92' title='bbox 533 1209 698 1287; x_wconf 72' lang='lat' dir='ltr'>praeceptis</span> <span class='ocrx_word' id='word_1_93' title='bbox 725 1216 756 1271; x_wconf 92' lang='lat' dir='ltr'>et</span> <span class='ocrx_word' id='word_1_94' title='bbox 777 1211 964 1287; x_wconf 82' lang='lat' dir='ltr'>generalibus</span> <span class='ocrx_word' id='word_1_95' title='bbox 987 1216 1017 1271; x_wconf 89' lang='lat' dir='ltr'>et</span> <span class='ocrx_word' id='word_1_96' title='bbox 1031 1208 1207 1286; x_wconf 76' lang='lat' dir='ltr'>specialibus</span> <span class='ocrx_word' id='word_1_97' title='bbox 1222 1225 1336 1284; x_wconf 85' lang='lat' dir='ltr'>semper</span> 
     </span>
     <span class='ocr_line' id='line_1_10' title="bbox 160 1312 1334 1391; baseline -0.003 -18"><span class='ocrx_word' id='word_1_98' title='bbox 160 1314 309 1375; x_wconf 89' lang='lat' dir='ltr'>invenitur</span> <span class='ocrx_word' id='word_1_99' title='bbox 330 1314 411 1375; x_wconf 92' lang='lat' dir='ltr'>notio</span> <span class='ocrx_word' id='word_1_100' title='bbox 433 1314 485 1373; x_wconf 83' lang='lat' dir='ltr'>illu</span> <span class='ocrx_word' id='word_1_101' title='bbox 506 1313 584 1373; x_wconf 87' lang='lat' dir='ltr'>fidei.</span> <span class='ocrx_word' id='word_1_102' title='bbox 629 1312 734 1374; x_wconf 90' lang='lat' dir='ltr'>Omnia</span> <span class='ocrx_word' id='word_1_103' title='bbox 760 1314 836 1374; x_wconf 90' lang='lat' dir='ltr'>enim</span> <span class='ocrx_word' id='word_1_104' title='bbox 858 1312 1031 1391; x_wconf 84' lang='lat' dir='ltr'>praescribit</span> <span class='ocrx_word' id='word_1_105' title='bbox 1053 1314 1203 1389; x_wconf 90' lang='lat' dir='ltr'>apostolus</span> <span class='ocrx_word' id='word_1_106' title='bbox 1217 1330 1253 1372; x_wconf 92' lang='lat' dir='ltr'>eo</span> <span class='ocrx_word' id='word_1_107' title='bbox 1268 1329 1334 1371; x_wconf 89' lang='lat' dir='ltr'>oon-</span> 
     </span>
     <span class='ocr_line' id='line_1_11' title="bbox 159 1388 1336 1495; baseline -0.004 -18"><span class='ocrx_word' id='word_1_108' title='bbox 159 1418 237 1495; x_wconf 91' lang='lat' dir='ltr'>silio,</span> <span class='ocrx_word' id='word_1_109' title='bbox 268 1423 301 1477; x_wconf 93' lang='lat' dir='ltr'>ut</span> <span class='ocrx_word' id='word_1_110' title='bbox 328 1388 414 1477; x_wconf 80' lang='lat' dir='ltr'>donis</span> <span class='ocrx_word' id='word_1_111' title='bbox 444 1416 550 1476; x_wconf 88' lang='lat' dir='ltr'>divinis</span> <span class='ocrx_word' id='word_1_112' title='bbox 586 1416 722 1476; x_wconf 86' lang='lat' dir='ltr'>tenendis</span> <span class='ocrx_word' id='word_1_113' title='bbox 752 1416 815 1476; x_wconf 87' lang='lat' dir='ltr'>Deo</span> <span class='ocrx_word' id='word_1_114' title='bbox 850 1416 997 1492; x_wconf 82' lang='lat' dir='ltr'>placeant.</span> <span class='ocrx_word' id='word_1_115' title='bbox 1045 1417 1211 1490; x_wconf 88' lang='lat' dir='ltr'>Numquam</span> <span class='ocrx_word' id='word_1_116' title='bbox 1240 1414 1336 1490; x_wconf 87' lang='lat' dir='ltr'>legem</span> 
     </span>
     <span class='ocr_line' id='line_1_12' title="bbox 160 1519 1335 1598; baseline -0.004 -18"><span class='ocrx_word' id='word_1_117' title='bbox 160 1521 275 1598; x_wconf 88' lang='lat' dir='ltr'>objicit,</span> <span class='ocrx_word' id='word_1_118' title='bbox 304 1538 463 1596; x_wconf 88' lang='lat' dir='ltr'>numquam</span> <span class='ocrx_word' id='word_1_119' title='bbox 494 1519 629 1597; x_wconf 89' lang='lat' dir='ltr'>imperat,</span> <span class='ocrx_word' id='word_1_120' title='bbox 660 1538 773 1595; x_wconf 90' lang='lat' dir='ltr'>semper</span> <span class='ocrx_word' id='word_1_121' title='bbox 803 1519 978 1579; x_wconf 84' lang='lat' dir='ltr'>adhortatur</span> <span class='ocrx_word' id='word_1_122' title='bbox 1006 1521 1053 1578; x_wconf 92' lang='lat' dir='ltr'>vel</span> <span class='ocrx_word' id='word_1_123' title='bbox 1074 1522 1225 1595; x_wconf 88' lang='lat' dir='ltr'>precatur,</span> <span class='ocrx_word' id='word_1_124' title='bbox 1255 1535 1335 1576; x_wconf 89' lang='lat' dir='ltr'>num-</span> 
     </span>
     <span class='ocr_line' id='line_1_13' title="bbox 160 1621 1335 1699; baseline -0.003 -16"><span class='ocrx_word' id='word_1_125' title='bbox 160 1642 248 1699; x_wconf 90' lang='lat' dir='ltr'>quam</span> <span class='ocrx_word' id='word_1_126' title='bbox 270 1624 384 1699; x_wconf 89' lang='lat' dir='ltr'>legibus</span> <span class='ocrx_word' id='word_1_127' title='bbox 407 1622 561 1698; x_wconf 89' lang='lat' dir='ltr'>implendis</span> <span class='ocrx_word' id='word_1_128' title='bbox 584 1624 706 1683; x_wconf 88' lang='lat' dir='ltr'>salutem</span> <span class='ocrx_word' id='word_1_129' title='bbox 729 1623 792 1683; x_wconf 92' lang='lat' dir='ltr'>vult</span> <span class='ocrx_word' id='word_1_130' title='bbox 811 1623 934 1682; x_wconf 90' lang='lat' dir='ltr'>lectores</span> <span class='ocrx_word' id='word_1_131' title='bbox 951 1621 1007 1682; x_wconf 91' lang='lat' dir='ltr'>sibi</span> <span class='ocrx_word' id='word_1_132' title='bbox 1022 1639 1201 1697; x_wconf 89' lang='lat' dir='ltr'>comparare.</span> <span class='ocrx_word' id='word_1_133' title='bbox 1245 1621 1335 1680; x_wconf 90' lang='lat' dir='ltr'>Immo</span> 
     </span>
     <span class='ocr_line' id='line_1_14' title="bbox 159 1719 1337 1808; baseline 0 -22"><span class='ocrx_word' id='word_1_134' title='bbox 159 1727 285 1786; x_wconf 88' lang='lat' dir='ltr'>Iudaeos</span> <span class='ocrx_word' id='word_1_135' title='bbox 308 1726 378 1786; x_wconf 90' lang='lat' dir='ltr'>dicit</span> <span class='ocrx_word' id='word_1_136' title='bbox 399 1727 463 1785; x_wconf 92' lang='lat' dir='ltr'>Deo</span> <span class='ocrx_word' id='word_1_137' title='bbox 489 1745 547 1785; x_wconf 91' lang='lat' dir='ltr'>uon</span> <span class='ocrx_word' id='word_1_138' title='bbox 569 1726 768 1803; x_wconf 79' lang='lat' dir='ltr'>placerel,2,</span> <span class='ocrx_word' id='word_1_139' title='bbox 788 1727 836 1784; x_wconf 92' lang='grc'>15.</span> <span class='ocrx_word' id='word_1_140' title='bbox 880 1720 1072 1808; x_wconf 64' lang='lat' dir='ltr'>Hecateia&lt;</span> <span class='ocrx_word' id='word_1_141' title='bbox 1087 1730 1116 1785; x_wconf 91' lang='lat' dir='ltr'>ct</span> <span class='ocrx_word' id='word_1_142' title='bbox 1131 1719 1337 1806; x_wconf 79' lang='grc' dir='ltr'>παραγγελίας</span> 
     </span>
     <span class='ocr_line' id='line_1_15' title="bbox 160 1827 1397 1909; baseline -0.002 -21"><span class='ocrx_word' id='word_1_143' title='bbox 160 1834 301 1905; x_wconf 90' lang='lat' dir='ltr'>tauquam</span> <span class='ocrx_word' id='word_1_144' title='bbox 322 1848 375 1905; x_wconf 93' lang='lat' dir='ltr'>pro</span> <span class='ocrx_word' id='word_1_145' title='bbox 395 1828 503 1905; x_wconf 87' lang='lat' dir='ltr'>regulis</span> <span class='ocrx_word' id='word_1_146' title='bbox 518 1829 610 1890; x_wconf 89' lang='lat' dir='ltr'>solum</span> <span class='ocrx_word' id='word_1_147' title='bbox 633 1830 723 1888; x_wconf 89' lang='lat' dir='ltr'>habet</span> <span class='ocrx_word' id='word_1_148' title='bbox 744 1829 774 1888; x_wconf 93' lang='lat' dir='ltr'>in</span> <span class='ocrx_word' id='word_1_149' title='bbox 796 1830 943 1906; x_wconf 83' lang='lat' dir='ltr'>implenda</span> <span class='ocrx_word' id='word_1_150' title='bbox 958 1829 1109 1889; x_wconf 82' lang='lat' dir='ltr'>voluntate</span> <span class='ocrx_word' id='word_1_151' title='bbox 1124 1827 1181 1888; x_wconf 91' lang='lat' dir='ltr'>Dei</span> <span class='ocrx_word' id='word_1_152' title='bbox 1202 1829 1225 1906; x_wconf 94' lang='grc' dir='ltr'>Ι,</span> <span class='ocrx_word' id='word_1_153' title='bbox 1248 1830 1277 1905; x_wconf 86' lang='grc'>3,</span> <span class='ocrx_word' id='word_1_154' title='bbox 1301 1828 1335 1905; x_wconf 97' lang='grc'>4,</span> <span class='ocrx_word' id='word_1_155' title='bbox 1393 1901 1397 1909; x_wconf 27' lang='lat'><strong>¹</strong></span> 
     </span>
     <span class='ocr_line' id='line_1_16' title="bbox 160 1930 1337 2010; baseline -0.002 -18"><span class='ocrx_word' id='word_1_156' title='bbox 160 1933 189 2008; x_wconf 89' lang='grc'>5,</span> <span class='ocrx_word' id='word_1_157' title='bbox 216 1933 264 2010; x_wconf 88' lang='grc'>18,</span> <span class='ocrx_word' id='word_1_158' title='bbox 288 1950 365 2007; x_wconf 91' lang='lat' dir='ltr'>quae</span> <span class='ocrx_word' id='word_1_159' title='bbox 386 1950 457 1991; x_wconf 88' lang='lat' dir='ltr'>vero</span> <span class='ocrx_word' id='word_1_160' title='bbox 472 1950 531 1992; x_wconf 91' lang='lat' dir='ltr'>nou</span> <span class='ocrx_word' id='word_1_161' title='bbox 553 1931 701 2009; x_wconf 90' lang='lat' dir='ltr'>implenda</span> <span class='ocrx_word' id='word_1_162' title='bbox 723 1937 768 1992; x_wconf 92' lang='lat' dir='ltr'>est</span> <span class='ocrx_word' id='word_1_163' title='bbox 790 1937 822 1992; x_wconf 94' lang='lat' dir='ltr'>ut</span> <span class='ocrx_word' id='word_1_164' title='bbox 844 1931 1021 2009; x_wconf 88' lang='lat' dir='ltr'>accipiamus</span> <span class='ocrx_word' id='word_1_165' title='bbox 1036 1949 1148 1992; x_wconf 88' lang='lat' dir='ltr'>summa</span> <span class='ocrx_word' id='word_1_166' title='bbox 1169 1932 1260 2007; x_wconf 85' lang='lat' dir='ltr'>hona,</span> <span class='ocrx_word' id='word_1_167' title='bbox 1284 1930 1337 1990; x_wconf 87' lang='lat' dir='ltr'>sed</span> 
     </span>
     <span class='ocr_line' id='line_1_17' title="bbox 159 2032 1335 2115; baseline 0 -21"><span class='ocrx_word' id='word_1_168' title='bbox 159 2053 235 2110; x_wconf 89' lang='lat' dir='ltr'>quae</span> <span class='ocrx_word' id='word_1_169' title='bbox 257 2034 370 2111; x_wconf 90' lang='lat' dir='ltr'>impleri</span> <span class='ocrx_word' id='word_1_170' title='bbox 384 2040 495 2111; x_wconf 90' lang='lat' dir='ltr'>potest,</span> <span class='ocrx_word' id='word_1_171' title='bbox 512 2035 650 2109; x_wconf 91' lang='lat' dir='ltr'>quoniam</span> <span class='ocrx_word' id='word_1_172' title='bbox 664 2036 830 2112; x_wconf 87' lang='lat' dir='ltr'>accepimus</span> <span class='ocrx_word' id='word_1_173' title='bbox 845 2040 889 2095; x_wconf 90' lang='lat' dir='ltr'>tot</span> <span class='ocrx_word' id='word_1_174' title='bbox 904 2040 934 2095; x_wconf 92' lang='lat' dir='ltr'>et</span> <span class='ocrx_word' id='word_1_175' title='bbox 948 2039 1031 2095; x_wconf 85' lang='lat' dir='ltr'>tauta</span> <span class='ocrx_word' id='word_1_176' title='bbox 1045 2036 1137 2094; x_wconf 85' lang='lat' dir='ltr'>bona!</span> <span class='ocrx_word' id='word_1_177' title='bbox 1157 2032 1335 2115; x_wconf 81' lang='lat' dir='ltr'>Accepiatis;</span> 
     </span>
     <span class='ocr_line' id='line_1_18' title="bbox 159 2132 1336 2219; baseline 0.002 -22"><span class='ocrx_word' id='word_1_178' title='bbox 159 2156 230 2213; x_wconf 86' lang='lat' dir='ltr'>crgo</span> <span class='ocrx_word' id='word_1_179' title='bbox 241 2138 367 2198; x_wconf 89' lang='lat' dir='ltr'>teneatis</span> <span class='ocrx_word' id='word_1_180' title='bbox 379 2143 408 2198; x_wconf 91' lang='lat' dir='ltr'>et</span> <span class='ocrx_word' id='word_1_181' title='bbox 422 2138 604 2214; x_wconf 86' lang='lat' dir='ltr'>praebeatis:</span> <span class='ocrx_word' id='word_1_182' title='bbox 624 2138 669 2199; x_wconf 88' lang='lat' dir='ltr'>bis</span> <span class='ocrx_word' id='word_1_183' title='bbox 684 2138 782 2199; x_wconf 89' lang='lat' dir='ltr'>verbis</span> <span class='ocrx_word' id='word_1_184' title='bbox 797 2138 943 2199; x_wconf 89' lang='lat' dir='ltr'>sententia</span> <span class='ocrx_word' id='word_1_185' title='bbox 954 2137 1040 2198; x_wconf 90' lang='lat' dir='ltr'>Pauli</span> <span class='ocrx_word' id='word_1_186' title='bbox 1053 2137 1176 2215; x_wconf 89' lang='lat' dir='ltr'>exprimi</span> <span class='ocrx_word' id='word_1_187' title='bbox 1190 2141 1296 2214; x_wconf 86' lang='lat' dir='ltr'>potest.</span> <span class='ocrx_word' id='word_1_188' title='bbox 1309 2132 1336 2219; x_wconf 88' lang='lat'>¹)</span> 
     </span>
     <span class='ocr_line' id='line_1_19' title="bbox 157 2239 1335 2318; baseline -0.001 -18"><span class='ocrx_word' id='word_1_189' title='bbox 157 2243 317 2317; x_wconf 89' lang='lat' dir='ltr'>Nunquam</span> <span class='ocrx_word' id='word_1_190' title='bbox 339 2260 410 2302; x_wconf 91' lang='lat' dir='ltr'>vero</span> <span class='ocrx_word' id='word_1_191' title='bbox 432 2242 549 2302; x_wconf 91' lang='lat' dir='ltr'>omniuo</span> <span class='ocrx_word' id='word_1_192' title='bbox 571 2242 608 2302; x_wconf 87' lang='lat' dir='ltr'>de</span> <span class='ocrx_word' id='word_1_193' title='bbox 630 2243 697 2318; x_wconf 90' lang='lat' dir='ltr'>lege</span> <span class='ocrx_word' id='word_1_194' title='bbox 711 2242 842 2302; x_wconf 88' lang='lat' dir='ltr'>Mosaica</span> <span class='ocrx_word' id='word_1_195' title='bbox 857 2241 1015 2317; x_wconf 88' lang='lat' dir='ltr'>quidquam</span> <span class='ocrx_word' id='word_1_196' title='bbox 1030 2239 1219 2317; x_wconf 88' lang='lat' dir='ltr'>praescribit,</span> <span class='ocrx_word' id='word_1_197' title='bbox 1234 2258 1271 2299; x_wconf 91' lang='lat' dir='ltr'>no</span> <span class='ocrx_word' id='word_1_198' title='bbox 1299 2239 1335 2299; x_wconf 86' lang='lat' dir='ltr'>dc</span> 
     </span>
     <span class='ocr_line' id='line_1_20' title="bbox 159 2342 1334 2431; baseline 0 -28"><span class='ocrx_word' id='word_1_199' title='bbox 159 2344 302 2420; x_wconf 81' lang='lat' dir='ltr'>decalogo</span> <span class='ocrx_word' id='word_1_200' title='bbox 325 2344 455 2431; x_wconf 79' lang='lat' dir='ltr'>quidem!</span> <span class='ocrx_word' id='word_1_201' title='bbox 485 2346 581 2405; x_wconf 88' lang='lat' dir='ltr'>Unam</span> <span class='ocrx_word' id='word_1_202' title='bbox 604 2346 693 2406; x_wconf 91' lang='lat' dir='ltr'>habet</span> <span class='ocrx_word' id='word_1_203' title='bbox 716 2347 895 2406; x_wconf 79' lang='lat' dir='ltr'>voluntatem</span> <span class='ocrx_word' id='word_1_204' title='bbox 918 2344 987 2405; x_wconf 89' lang='lat' dir='ltr'>Dei:</span> <span class='ocrx_word' id='word_1_205' title='bbox 1019 2343 1083 2405; x_wconf 89' lang='lat' dir='ltr'>Deo</span> <span class='ocrx_word' id='word_1_206' title='bbox 1105 2348 1138 2403; x_wconf 94' lang='lat' dir='ltr'>ut</span> <span class='ocrx_word' id='word_1_207' title='bbox 1159 2342 1334 2420; x_wconf 79' lang='lat' dir='ltr'>serviamus3</span> 
     </span>
     <span class='ocr_line' id='line_1_21' title="bbox 159 2445 1336 2526; baseline 0 -19"><span class='ocrx_word' id='word_1_208' title='bbox 159 2448 253 2507; x_wconf 86' lang='lat' dir='ltr'>altera</span> <span class='ocrx_word' id='word_1_209' title='bbox 275 2466 345 2507; x_wconf 92' lang='lat' dir='ltr'>vero</span> <span class='ocrx_word' id='word_1_210' title='bbox 370 2448 483 2508; x_wconf 89' lang='lat' dir='ltr'>accedit</span> <span class='ocrx_word' id='word_1_211' title='bbox 506 2447 601 2507; x_wconf 87' lang='lat' dir='ltr'>inille</span> <span class='ocrx_word' id='word_1_212' title='bbox 620 2449 773 2508; x_wconf 85' lang='lat' dir='ltr'>conclusa:</span> <span class='ocrx_word' id='word_1_213' title='bbox 803 2454 836 2508; x_wconf 93' lang='lat' dir='ltr'>ut</span> <span class='ocrx_word' id='word_1_214' title='bbox 850 2449 997 2526; x_wconf 80' lang='lat' dir='ltr'>proximos</span> <span class='ocrx_word' id='word_1_215' title='bbox 1013 2465 1154 2524; x_wconf 86' lang='lat' dir='ltr'>amemus,</span> <span class='ocrx_word' id='word_1_216' title='bbox 1171 2445 1242 2522; x_wconf 90' lang='lat' dir='ltr'>quia</span> <span class='ocrx_word' id='word_1_217' title='bbox 1255 2447 1336 2507; x_wconf 85' lang='lat' dir='ltr'>Deus</span> 
     </span>
     <span class='ocr_line' id='line_1_22' title="bbox 159 2550 1335 2629; baseline 0.001 -20"><span class='ocrx_word' id='word_1_218' title='bbox 159 2552 236 2627; x_wconf 88' lang='lat' dir='ltr'>vult,</span> <span class='ocrx_word' id='word_1_219' title='bbox 265 2556 406 2626; x_wconf 86' lang='lat' dir='ltr'>tanquam</span> <span class='ocrx_word' id='word_1_220' title='bbox 433 2552 539 2612; x_wconf 81' lang='lat' dir='ltr'>iratres</span> <span class='ocrx_word' id='word_1_221' title='bbox 561 2554 585 2628; x_wconf 92' lang='lat' dir='ltr'>I,</span> <span class='ocrx_word' id='word_1_222' title='bbox 609 2552 638 2629; x_wconf 91' lang='grc'>4,</span> <span class='ocrx_word' id='word_1_223' title='bbox 663 2554 696 2629; x_wconf 87' lang='grc'>9,</span> <span class='ocrx_word' id='word_1_224' title='bbox 728 2552 756 2628; x_wconf 91' lang='grc'>5,</span> <span class='ocrx_word' id='word_1_225' title='bbox 784 2554 819 2610; x_wconf 94' lang='lat' dir='ltr'>ll</span> <span class='ocrx_word' id='word_1_226' title='bbox 837 2570 876 2612; x_wconf 88' lang='lat' dir='ltr'>ss.</span> <span class='ocrx_word' id='word_1_227' title='bbox 926 2551 1034 2612; x_wconf 87' lang='lat' dir='ltr'>Omnes</span> <span class='ocrx_word' id='word_1_228' title='bbox 1060 2552 1193 2627; x_wconf 81' lang='lat' dir='ltr'>singulae</span> <span class='ocrx_word' id='word_1_229' title='bbox 1215 2550 1335 2627; x_wconf 85' lang='lat' dir='ltr'>regulae</span> 
     </span>
     <span class='ocr_line' id='line_1_23' title="bbox 160 2652 1335 2732; baseline 0.001 -19"><span class='ocrx_word' id='word_1_230' title='bbox 160 2673 196 2713; x_wconf 87' lang='lat' dir='ltr'>cx</span> <span class='ocrx_word' id='word_1_231' title='bbox 225 2654 282 2712; x_wconf 91' lang='lat' dir='ltr'>hac</span> <span class='ocrx_word' id='word_1_232' title='bbox 314 2673 373 2713; x_wconf 85' lang='lat' dir='ltr'>uma</span> <span class='ocrx_word' id='word_1_233' title='bbox 403 2654 540 2732; x_wconf 78' lang='lat' dir='ltr'>effluunt3</span> <span class='ocrx_word' id='word_1_234' title='bbox 578 2660 677 2715; x_wconf 88' lang='lat' dir='ltr'>tamen</span> <span class='ocrx_word' id='word_1_235' title='bbox 706 2655 843 2729; x_wconf 88' lang='lat' dir='ltr'>quoniam</span> <span class='ocrx_word' id='word_1_236' title='bbox 866 2672 930 2714; x_wconf 90' lang='lat' dir='ltr'>oum</span> <span class='ocrx_word' id='word_1_237' title='bbox 953 2654 1119 2714; x_wconf 89' lang='lat' dir='ltr'>christianis</span> <span class='ocrx_word' id='word_1_238' title='bbox 1148 2652 1289 2731; x_wconf 88' lang='lat' dir='ltr'>imperitis</span> <span class='ocrx_word' id='word_1_239' title='bbox 1306 2659 1335 2714; x_wconf 89' lang='lat' dir='ltr'>et</span> 
     </span>
     <span class='ocr_line' id='line_1_24' title="bbox 159 2751 1336 2835; baseline 0.001 -19"><span class='ocrx_word' id='word_1_240' title='bbox 159 2757 335 2833; x_wconf 82' lang='lat' dir='ltr'>imperfectis</span> <span class='ocrx_word' id='word_1_241' title='bbox 358 2758 451 2817; x_wconf 91' lang='lat' dir='ltr'>Paulo</span> <span class='ocrx_word' id='word_1_242' title='bbox 473 2776 521 2817; x_wconf 89' lang='lat' dir='ltr'>res</span> <span class='ocrx_word' id='word_1_243' title='bbox 542 2762 601 2835; x_wconf 91' lang='lat' dir='ltr'>est,</span> <span class='ocrx_word' id='word_1_244' title='bbox 624 2757 756 2833; x_wconf 89' lang='lat' dir='ltr'>singulas</span> <span class='ocrx_word' id='word_1_245' title='bbox 779 2775 827 2816; x_wconf 91' lang='lat' dir='ltr'>res</span> <span class='ocrx_word' id='word_1_246' title='bbox 847 2759 991 2834; x_wconf 87' lang='lat' dir='ltr'>postulat,</span> <span class='ocrx_word' id='word_1_247' title='bbox 1015 2758 1068 2817; x_wconf 90' lang='lat' dir='ltr'>sed</span> <span class='ocrx_word' id='word_1_248' title='bbox 1097 2757 1213 2817; x_wconf 83' lang='lat' dir='ltr'>diceus:</span> <span class='ocrx_word' id='word_1_249' title='bbox 1251 2751 1336 2819; x_wconf 76' lang='grc' dir='ltr'>αὐτοὶ</span> 
     </span>
     <span class='ocr_line' id='line_1_25' title="bbox 160 2854 1335 2942; baseline -0.004 -19"><span class='ocrx_word' id='word_1_250' title='bbox 160 2856 357 2923; x_wconf 57' lang='grc' dir='ltr'>λεοδίδακτοί</span> <span class='ocrx_word' id='word_1_251' title='bbox 385 2858 453 2922; x_wconf 81' lang='grc' dir='ltr'>ἐστε</span> <span class='ocrx_word' id='word_1_252' title='bbox 483 2858 526 2933; x_wconf 79' lang='grc' dir='ltr'>εἰς</span> <span class='ocrx_word' id='word_1_253' title='bbox 553 2856 589 2922; x_wconf 78' lang='grc' dir='ltr'>τὸ</span> <span class='ocrx_word' id='word_1_254' title='bbox 623 2855 746 2941; x_wconf 83' lang='grc' dir='ltr'>ἀγαπᾶν</span> <span class='ocrx_word' id='word_1_255' title='bbox 776 2854 921 2942; x_wconf 77' lang='grc' dir='ltr'>ἀλλήλους</span> <span class='ocrx_word' id='word_1_256' title='bbox 952 2862 976 2938; x_wconf 92' lang='grc' dir='ltr'>Ι,</span> <span class='ocrx_word' id='word_1_257' title='bbox 1000 2861 1029 2937; x_wconf 90' lang='grc'>4,</span> <span class='ocrx_word' id='word_1_258' title='bbox 1055 2863 1087 2937; x_wconf 91' lang='grc'>9,</span> <span class='ocrx_word' id='word_1_259' title='bbox 1122 2865 1152 2920; x_wconf 90' lang='lat' dir='ltr'>et</span> <span class='ocrx_word' id='word_1_260' title='bbox 1183 2857 1263 2936; x_wconf 89' lang='lat' dir='ltr'>ipsos</span> <span class='ocrx_word' id='word_1_261' title='bbox 1285 2859 1335 2919; x_wconf 87' lang='lat' dir='ltr'>ad-</span> 
     </span>
     <span class='ocr_line' id='line_1_26' title="bbox 159 2957 1334 3044; baseline 0.002 -24"><span class='ocrx_word' id='word_1_262' title='bbox 159 2963 292 3022; x_wconf 87' lang='lat' dir='ltr'>hortetur</span> <span class='ocrx_word' id='word_1_263' title='bbox 313 2963 352 3022; x_wconf 88' lang='lat' dir='ltr'>ad</span> <span class='ocrx_word' id='word_1_264' title='bbox 374 2957 409 3024; x_wconf 84' lang='grc' dir='ltr'>τὸ</span> <span class='ocrx_word' id='word_1_265' title='bbox 426 2958 595 3044; x_wconf 79' lang='grc' dir='ltr'>δοκιμάζειν</span> <span class='ocrx_word' id='word_1_266' title='bbox 610 2964 632 3040; x_wconf 92' lang='grc' dir='ltr'>Ι,</span> <span class='ocrx_word' id='word_1_267' title='bbox 657 2964 686 3039; x_wconf 90' lang='grc'>5,</span> <span class='ocrx_word' id='word_1_268' title='bbox 711 2965 760 3022; x_wconf 90' lang='grc'>21.</span> <span class='ocrx_word' id='word_1_269' title='bbox 805 2964 941 3024; x_wconf 83' lang='lat' dir='ltr'>Postulat</span> <span class='ocrx_word' id='word_1_270' title='bbox 963 2969 995 3024; x_wconf 92' lang='lat' dir='ltr'>ut</span> <span class='ocrx_word' id='word_1_271' title='bbox 1017 2964 1112 3023; x_wconf 91' lang='lat' dir='ltr'>bonus</span> <span class='ocrx_word' id='word_1_272' title='bbox 1133 2964 1334 3040; x_wconf 86' lang='lat' dir='ltr'>paedagogus,</span> 
     </span>
     <span class='ocr_line' id='line_1_27' title="bbox 160 3060 1334 3147; baseline 0 -23"><span class='ocrx_word' id='word_1_273' title='bbox 160 3084 218 3125; x_wconf 92' lang='lat' dir='ltr'>uon</span> <span class='ocrx_word' id='word_1_274' title='bbox 233 3071 266 3125; x_wconf 93' lang='lat' dir='ltr'>ut</span> <span class='ocrx_word' id='word_1_275' title='bbox 281 3065 445 3142; x_wconf 89' lang='lat' dir='ltr'>legislator:</span> <span class='ocrx_word' id='word_1_276' title='bbox 469 3085 538 3125; x_wconf 86' lang='lat' dir='ltr'>vere</span> <span class='ocrx_word' id='word_1_277' title='bbox 555 3060 718 3147; x_wconf 79' lang='grc' dir='ltr'>αὐτόνομος</span> <span class='ocrx_word' id='word_1_278' title='bbox 733 3066 850 3126; x_wconf 91' lang='lat' dir='ltr'>videtur</span> <span class='ocrx_word' id='word_1_279' title='bbox 865 3086 929 3127; x_wconf 92' lang='lat' dir='ltr'>esse</span> <span class='ocrx_word' id='word_1_280' title='bbox 945 3068 1082 3126; x_wconf 88' lang='lat' dir='ltr'>voluntas</span> <span class='ocrx_word' id='word_1_281' title='bbox 1098 3066 1334 3142; x_wconf 61' lang='lat' dir='ltr'>christianorum</span> 
     </span>
     <span class='ocr_line' id='line_1_28' title="bbox 158 3163 1334 3253; baseline -0.003 -22"><span class='ocrx_word' id='word_1_282' title='bbox 158 3163 307 3249; x_wconf 57' lang='grc' dir='ltr'>λεόνομος</span> <span class='ocrx_word' id='word_1_283' title='bbox 322 3169 398 3228; x_wconf 91' lang='lat' dir='ltr'>euim</span> <span class='ocrx_word' id='word_1_284' title='bbox 412 3170 492 3228; x_wconf 81' lang='lat' dir='ltr'>facta</span> <span class='ocrx_word' id='word_1_285' title='bbox 508 3175 562 3229; x_wconf 85' lang='lat' dir='ltr'>est.</span> <span class='ocrx_word' id='word_1_286' title='bbox 606 3170 651 3228; x_wconf 84' lang='lat' dir='ltr'>Eu</span> <span class='ocrx_word' id='word_1_287' title='bbox 667 3171 722 3229; x_wconf 92' lang='lat' dir='ltr'>hoc</span> <span class='ocrx_word' id='word_1_288' title='bbox 738 3176 783 3229; x_wconf 93' lang='lat' dir='ltr'>est</span> <span class='ocrx_word' id='word_1_289' title='bbox 798 3165 880 3253; x_wconf 78' lang='grc' dir='ltr'>ἔργον</span> <span class='ocrx_word' id='word_1_290' title='bbox 895 3166 1025 3243; x_wconf 83' lang='grc' dir='ltr'>πίστεως</span> <span class='ocrx_word' id='word_1_291' title='bbox 1038 3171 1061 3247; x_wconf 91' lang='grc' dir='ltr'>Ι,</span> <span class='ocrx_word' id='word_1_292' title='bbox 1082 3173 1107 3248; x_wconf 92' lang='grc'>1,</span> <span class='ocrx_word' id='word_1_293' title='bbox 1125 3172 1159 3248; x_wconf 88' lang='grc'>3,</span> <span class='ocrx_word' id='word_1_294' title='bbox 1183 3171 1220 3245; x_wconf 93' lang='grc' dir='ltr'>ΙΙ,</span> <span class='ocrx_word' id='word_1_295' title='bbox 1240 3171 1266 3246; x_wconf 93' lang='grc'>1,</span> <span class='ocrx_word' id='word_1_296' title='bbox 1286 3171 1334 3228; x_wconf 89' lang='lat' dir='ltr'>ll.</span> 
     </span>
    </p>

    <p class='ocr_par' dir='ltr' id='par_1_3' title="bbox 158 3268 1338 4180">
     <span class='ocr_line' id='line_1_29' title="bbox 251 3268 1338 3351; baseline 0.001 -18"><span class='ocrx_word' id='word_1_297' title='bbox 251 3268 359 3345; x_wconf 80' lang='grc' dir='ltr'>Πίστις</span> <span class='ocrx_word' id='word_1_298' title='bbox 381 3291 451 3332; x_wconf 92' lang='lat' dir='ltr'>vero</span> <span class='ocrx_word' id='word_1_299' title='bbox 474 3272 538 3349; x_wconf 87' lang='lat' dir='ltr'>ipsa</span> <span class='ocrx_word' id='word_1_300' title='bbox 561 3272 598 3332; x_wconf 91' lang='lat' dir='ltr'>de</span> <span class='ocrx_word' id='word_1_301' title='bbox 620 3290 679 3347; x_wconf 89' lang='lat' dir='ltr'>qua</span> <span class='ocrx_word' id='word_1_302' title='bbox 701 3271 730 3332; x_wconf 93' lang='lat' dir='ltr'>in</span> <span class='ocrx_word' id='word_1_303' title='bbox 753 3274 883 3351; x_wconf 91' lang='lat' dir='ltr'>epistolis</span> <span class='ocrx_word' id='word_1_304' title='bbox 898 3275 937 3334; x_wconf 87' lang='lat' dir='ltr'>ad</span> <span class='ocrx_word' id='word_1_305' title='bbox 951 3274 1228 3335; x_wconf 89' lang='lat' dir='ltr'>Thessalonicenses</span> <span class='ocrx_word' id='word_1_306' title='bbox 1243 3272 1338 3334; x_wconf 87' lang='lat' dir='ltr'>missis</span> 
     </span>
     <span class='ocr_line' id='line_1_30' title="bbox 160 3374 1335 3453; baseline 0.003 -21"><span class='ocrx_word' id='word_1_307' title='bbox 160 3374 256 3449; x_wconf 89' lang='lat' dir='ltr'>egitur</span> <span class='ocrx_word' id='word_1_308' title='bbox 278 3374 438 3435; x_wconf 83' lang='lat' dir='ltr'>clarissime</span> <span class='ocrx_word' id='word_1_309' title='bbox 460 3396 496 3435; x_wconf 85' lang='lat' dir='ltr'>ex</span> <span class='ocrx_word' id='word_1_310' title='bbox 519 3375 564 3436; x_wconf 91' lang='lat' dir='ltr'>his</span> <span class='ocrx_word' id='word_1_311' title='bbox 585 3376 695 3452; x_wconf 87' lang='lat' dir='ltr'>regulis</span> <span class='ocrx_word' id='word_1_312' title='bbox 709 3377 885 3453; x_wconf 87' lang='lat' dir='ltr'>perspicitur</span> <span class='ocrx_word' id='word_1_313' title='bbox 900 3377 1005 3438; x_wconf 85' lang='lat' dir='ltr'>osseis</span> <span class='ocrx_word' id='word_1_314' title='bbox 1030 3377 1147 3437; x_wconf 83' lang='lat' dir='ltr'>habitus</span> <span class='ocrx_word' id='word_1_315' title='bbox 1163 3378 1227 3436; x_wconf 90' lang='lat' dir='ltr'>Deo</span> <span class='ocrx_word' id='word_1_316' title='bbox 1253 3394 1335 3436; x_wconf 91' lang='lat' dir='ltr'>acoe-</span> 
     </span>
     <span class='ocr_line' id='line_1_31' title="bbox 158 3462 1335 3557; baseline 0.003 -21"><span class='ocrx_word' id='word_1_317' title='bbox 158 3462 230 3554; x_wconf 50' lang='lat' dir='ltr'>ptus&#39;</span> <span class='ocrx_word' id='word_1_318' title='bbox 249 3479 366 3538; x_wconf 89' lang='lat' dir='ltr'>moralis</span> <span class='ocrx_word' id='word_1_319' title='bbox 389 3479 623 3557; x_wconf 86' lang='lat' dir='ltr'>christianorum,</span> <span class='ocrx_word' id='word_1_320' title='bbox 647 3482 824 3555; x_wconf 57' lang='lat' dir='ltr'>quosvolunt</span> <span class='ocrx_word' id='word_1_321' title='bbox 845 3480 983 3541; x_wconf 90' lang='lat' dir='ltr'>oboedire</span> <span class='ocrx_word' id='word_1_322' title='bbox 1003 3486 1032 3541; x_wconf 91' lang='lat' dir='ltr'>et</span> <span class='ocrx_word' id='word_1_323' title='bbox 1054 3480 1165 3541; x_wconf 87' lang='lat' dir='ltr'>servire</span> <span class='ocrx_word' id='word_1_324' title='bbox 1187 3479 1242 3540; x_wconf 92' lang='lat' dir='ltr'>soli</span> <span class='ocrx_word' id='word_1_325' title='bbox 1265 3498 1335 3540; x_wconf 88' lang='lat' dir='ltr'>vero</span> 
     </span>
     <span class='ocr_line' id='line_1_32' title="bbox 160 3582 1336 3662; baseline 0.003 -21"><span class='ocrx_word' id='word_1_326' title='bbox 160 3583 224 3642; x_wconf 92' lang='lat' dir='ltr'>Deo</span> <span class='ocrx_word' id='word_1_327' title='bbox 252 3582 330 3660; x_wconf 88' lang='lat' dir='ltr'>patri</span> <span class='ocrx_word' id='word_1_328' title='bbox 351 3584 421 3642; x_wconf 87' lang='lat' dir='ltr'>Jesu</span> <span class='ocrx_word' id='word_1_329' title='bbox 444 3582 550 3643; x_wconf 78' lang='lat' dir='ltr'>Christi</span> <span class='ocrx_word' id='word_1_330' title='bbox 578 3602 631 3660; x_wconf 90' lang='lat' dir='ltr'>per</span> <span class='ocrx_word' id='word_1_331' title='bbox 662 3602 748 3660; x_wconf 91' lang='lat' dir='ltr'>quem</span> <span class='ocrx_word' id='word_1_332' title='bbox 777 3585 899 3645; x_wconf 90' lang='lat' dir='ltr'>salutem</span> <span class='ocrx_word' id='word_1_333' title='bbox 928 3584 1013 3645; x_wconf 90' lang='lat' dir='ltr'>uobis</span> <span class='ocrx_word' id='word_1_334' title='bbox 1035 3586 1186 3662; x_wconf 85' lang='lat' dir='ltr'>praebeat,</span> <span class='ocrx_word' id='word_1_335' title='bbox 1210 3583 1336 3644; x_wconf 89' lang='lat' dir='ltr'>tenenda</span> 
     </span>
     <span class='ocr_line' id='line_1_33' title="bbox 159 3684 1335 3766; baseline 0.001 -21"><span class='ocrx_word' id='word_1_336' title='bbox 159 3684 272 3746; x_wconf 91' lang='lat' dir='ltr'>scilicet</span> <span class='ocrx_word' id='word_1_337' title='bbox 293 3687 389 3762; x_wconf 88' lang='lat' dir='ltr'>gratia</span> <span class='ocrx_word' id='word_1_338' title='bbox 411 3688 448 3746; x_wconf 90' lang='lat' dir='ltr'>ab</span> <span class='ocrx_word' id='word_1_339' title='bbox 472 3705 506 3746; x_wconf 90' lang='lat' dir='ltr'>eo</span> <span class='ocrx_word' id='word_1_340' title='bbox 529 3691 669 3766; x_wconf 73' lang='lat' dir='ltr'>accepta,</span> <span class='ocrx_word' id='word_1_341' title='bbox 701 3706 787 3763; x_wconf 90' lang='lat' dir='ltr'>quem</span> <span class='ocrx_word' id='word_1_342' title='bbox 809 3687 939 3765; x_wconf 86' lang='lat' dir='ltr'>habitum</span> <span class='ocrx_word' id='word_1_343' title='bbox 963 3687 1087 3748; x_wconf 88' lang='lat' dir='ltr'>vidimus</span> <span class='ocrx_word' id='word_1_344' title='bbox 1109 3706 1167 3747; x_wconf 90' lang='lat' dir='ltr'>nou</span> <span class='ocrx_word' id='word_1_345' title='bbox 1190 3706 1227 3746; x_wconf 88' lang='lat' dir='ltr'>ex</span> <span class='ocrx_word' id='word_1_346' title='bbox 1247 3685 1335 3746; x_wconf 90' lang='lat' dir='ltr'>homi-</span> 
     </span>
     <span class='ocr_line' id='line_1_34' title="bbox 158 3788 1336 3868; baseline 0.002 -21"><span class='ocrx_word' id='word_1_347' title='bbox 158 3806 228 3847; x_wconf 91' lang='lat' dir='ltr'>num</span> <span class='ocrx_word' id='word_1_348' title='bbox 250 3788 378 3864; x_wconf 87' lang='lat' dir='ltr'>ipsorum</span> <span class='ocrx_word' id='word_1_349' title='bbox 402 3808 466 3850; x_wconf 89' lang='lat' dir='ltr'>esse</span> <span class='ocrx_word' id='word_1_350' title='bbox 489 3789 614 3868; x_wconf 86' lang='lat' dir='ltr'>viribus,</span> <span class='ocrx_word' id='word_1_351' title='bbox 646 3791 697 3850; x_wconf 91' lang='lat' dir='ltr'>sed</span> <span class='ocrx_word' id='word_1_352' title='bbox 721 3790 845 3867; x_wconf 81' lang='lat' dir='ltr'>Spiritus</span> <span class='ocrx_word' id='word_1_353' title='bbox 868 3792 976 3852; x_wconf 84' lang='lat' dir='ltr'>Sancti.</span> <span class='ocrx_word' id='word_1_354' title='bbox 1021 3792 1055 3850; x_wconf 93' lang='lat' dir='ltr'>Id</span> <span class='ocrx_word' id='word_1_355' title='bbox 1077 3809 1148 3851; x_wconf 90' lang='lat' dir='ltr'>vero</span> <span class='ocrx_word' id='word_1_356' title='bbox 1164 3811 1201 3851; x_wconf 79' lang='lat' dir='ltr'>ex</span> <span class='ocrx_word' id='word_1_357' title='bbox 1215 3809 1274 3866; x_wconf 92' lang='lat' dir='ltr'>quo</span> <span class='ocrx_word' id='word_1_358' title='bbox 1289 3789 1336 3849; x_wconf 91' lang='lat' dir='ltr'>bic</span> 
     </span>
     <span class='ocr_line' id='line_1_35' title="bbox 158 3892 1336 3973; baseline 0.002 -22"><span class='ocrx_word' id='word_1_359' title='bbox 158 3892 277 3952; x_wconf 89' lang='lat' dir='ltr'>habitus</span> <span class='ocrx_word' id='word_1_360' title='bbox 299 3892 414 3971; x_wconf 82' lang='lat' dir='ltr'>incipit,</span> <span class='ocrx_word' id='word_1_361' title='bbox 439 3893 518 3969; x_wconf 91' lang='lat' dir='ltr'>quod</span> <span class='ocrx_word' id='word_1_362' title='bbox 540 3894 578 3953; x_wconf 84' lang='lat' dir='ltr'>ed</span> <span class='ocrx_word' id='word_1_363' title='bbox 600 3894 723 3954; x_wconf 90' lang='lat' dir='ltr'>hominis</span> <span class='ocrx_word' id='word_1_364' title='bbox 746 3894 891 3955; x_wconf 88' lang='lat' dir='ltr'>actionem</span> <span class='ocrx_word' id='word_1_365' title='bbox 906 3895 1025 3973; x_wconf 79' lang='lat' dir='ltr'>attinet,</span> <span class='ocrx_word' id='word_1_366' title='bbox 1043 3898 1072 3955; x_wconf 93' lang='lat' dir='ltr'>et</span> <span class='ocrx_word' id='word_1_367' title='bbox 1086 3894 1180 3970; x_wconf 90' lang='lat' dir='ltr'>ipsum</span> <span class='ocrx_word' id='word_1_368' title='bbox 1195 3894 1234 3954; x_wconf 91' lang='lat' dir='ltr'>ad</span> <span class='ocrx_word' id='word_1_369' title='bbox 1248 3893 1336 3953; x_wconf 90' lang='lat' dir='ltr'>fidem</span> 
     </span>
     <span class='ocr_line' id='line_1_36' title="bbox 158 3994 1337 4075; baseline 0.003 -22"><span class='ocrx_word' id='word_1_370' title='bbox 158 3994 287 4070; x_wconf 89' lang='lat' dir='ltr'>pertinet</span> <span class='ocrx_word' id='word_1_371' title='bbox 309 4001 338 4055; x_wconf 86' lang='lat' dir='ltr'>et</span> <span class='ocrx_word' id='word_1_372' title='bbox 360 3995 434 4056; x_wconf 89' lang='lat' dir='ltr'>fides</span> <span class='ocrx_word' id='word_1_373' title='bbox 456 3997 598 4074; x_wconf 82' lang='lat' dir='ltr'>hppellari</span> <span class='ocrx_word' id='word_1_374' title='bbox 620 3998 721 4075; x_wconf 86' lang='lat' dir='ltr'>debet,</span> <span class='ocrx_word' id='word_1_375' title='bbox 746 3998 822 4058; x_wconf 84' lang='lat' dir='ltr'>ectio</span> <span class='ocrx_word' id='word_1_376' title='bbox 845 3998 957 4059; x_wconf 90' lang='lat' dir='ltr'>scilicet</span> <span class='ocrx_word' id='word_1_377' title='bbox 986 3997 1042 4057; x_wconf 93' lang='lat' dir='ltr'>sibi</span> <span class='ocrx_word' id='word_1_378' title='bbox 1064 3995 1230 4058; x_wconf 86' lang='lat' dir='ltr'>assumendi</span> <span class='ocrx_word' id='word_1_379' title='bbox 1252 3996 1337 4057; x_wconf 88' lang='lat' dir='ltr'>verbi</span> 
     </span>
     <span class='ocr_line' id='line_1_37' title="bbox 159 4097 1335 4180; baseline 0.003 -24"><span class='ocrx_word' id='word_1_380' title='bbox 159 4097 216 4157; x_wconf 89' lang='lat' dir='ltr'>Dei</span> <span class='ocrx_word' id='word_1_381' title='bbox 231 4098 309 4173; x_wconf 93' lang='lat' dir='ltr'>quod</span> <span class='ocrx_word' id='word_1_382' title='bbox 325 4099 362 4160; x_wconf 89' lang='lat' dir='ltr'>de</span> <span class='ocrx_word' id='word_1_383' title='bbox 377 4101 449 4160; x_wconf 86' lang='lat' dir='ltr'>Jesu</span> <span class='ocrx_word' id='word_1_384' title='bbox 465 4100 579 4160; x_wconf 79' lang='lat' dir='ltr'>Christo</span> <span class='ocrx_word' id='word_1_385' title='bbox 594 4106 648 4161; x_wconf 88' lang='lat' dir='ltr'>est.</span> <span class='ocrx_word' id='word_1_386' title='bbox 693 4101 805 4173; x_wconf 78' lang='lat' dir='ltr'>Quodsi</span> <span class='ocrx_word' id='word_1_387' title='bbox 821 4102 1051 4180; x_wconf 87' lang='lat' dir='ltr'>conjungemus,</span> <span class='ocrx_word' id='word_1_388' title='bbox 1068 4101 1203 4176; x_wconf 89' lang='lat' dir='ltr'>quoniam</span> <span class='ocrx_word' id='word_1_389' title='bbox 1218 4099 1335 4160; x_wconf 83' lang='lat' dir='ltr'>babitus</span> 
     </span>
    </p>
   </div>
   <div class='ocr_carea' id='block_1_3' title="bbox 160 4231 1336 4385">
    <p class='ocr_par' dir='ltr' id='par_1_4' title="bbox 160 4231 1336 4385">
     <span class='ocr_line' id='line_1_38' title="bbox 249 4231 1336 4306; baseline 0 -21"><span class='ocrx_word' id='word_1_390' title='bbox 249 4231 267 4298; x_wconf 86' lang='lat'>¹)</span> <span class='ocrx_word' id='word_1_391' title='bbox 292 4232 367 4285; x_wconf 75' lang='lat' dir='ltr'>Weiss</span> <span class='ocrx_word' id='word_1_392' title='bbox 380 4254 408 4299; x_wconf 80' lang='lat' dir='ltr'>p.</span> <span class='ocrx_word' id='word_1_393' title='bbox 427 4234 483 4285; x_wconf 77' lang='lat'>213</span> <span class='ocrx_word' id='word_1_394' title='bbox 499 4234 640 4305; x_wconf 83' lang='lat' dir='ltr'>postulato</span> <span class='ocrx_word' id='word_1_395' title='bbox 658 4235 790 4306; x_wconf 86' lang='lat' dir='ltr'>evangelii</span> <span class='ocrx_word' id='word_1_396' title='bbox 807 4236 876 4290; x_wconf 89' lang='lat' dir='ltr'>boue</span> <span class='ocrx_word' id='word_1_397' title='bbox 889 4234 1025 4290; x_wconf 87' lang='lat' dir='ltr'>concludit</span> <span class='ocrx_word' id='word_1_398' title='bbox 1037 4236 1138 4291; x_wconf 84' lang='lat' dir='ltr'>verbis:</span> <span class='ocrx_word' id='word_1_399' title='bbox 1164 4235 1336 4306; x_wconf 70' lang='lat' dir='ltr'>„Beroaloany</span> 
     </span>
     <span class='ocr_line' id='line_1_39' title="bbox 160 4317 445 4385; baseline 0.011 -17"><span class='ocrx_word' id='word_1_400' title='bbox 160 4318 202 4368; x_wconf 85' lang='lat' dir='ltr'>der</span> <span class='ocrx_word' id='word_1_401' title='bbox 222 4317 445 4385; x_wconf 70' lang='lat' dir='ltr'>Gottoerrcidtlreit.“</span> 
     </span>
    </p>
   </div>
   <div class='ocr_carea' id='block_1_4' title="bbox 0 0 1530 4848">
    <p class='ocr_par' dir='ltr' id='par_1_5' title="bbox 0 0 1530 4848">
     <span class='ocr_line' id='line_1_40' title="bbox 0 0 1530 4848; baseline 0 0"><span class='ocrx_word' id='word_1_402' title='bbox 0 0 1530 4848; x_wconf 95' lang='lat' dir='ltr'> </span> 
     </span>
    </p>
   </div>
  </div>
 </body>
</html>
