3050 4848
718 327 1046 390 -34-,

81 480 86 484 ¹
188 569 190 575 Ι
236 495 323 556 fidem
340 494 515 573 justificare,
541 496 593 556 sed
616 495 704 565 etiam
726 493 868 579 λατρείαν
891 515 955 556 earn
977 498 1056 558 dieat
1078 517 1141 558 esse
1164 495 1197 582 (ξ
1212 496 1282 583 49),
1305 519 1413 576 quam·

187 612 190 623 ’
237 599 282 659 vis
304 595 337 682 (ξ
353 594 407 681 56)
439 604 519 659 reete
542 599 680 676 deneget,
705 618 768 659 eam
786 597 964 678 justificare,
988 601 1058 676 quia
1079 620 1152 678 opus
1167 603 1213 679 sit,
1229 609 1326 664 temen
1348 625 1412 665 uon

236 702 370 779 impedit,
394 701 547 777 quominus
569 707 708 777 tunquam
732 720 804 778 opus
828 702 1019 763 describatur.
1071 724 1081 753 x
1206 772 1216 791 .

320 807 406 864 Nune
428 823 504 880 quae
525 804 688 865 invenimus
702 805 827 880 pauois
843 811 988 881 oportet
1004 807 1183 883 explicare
1199 816 1233 869 et
1248 811 1409 873 illustra-

235 928 296 969 re.·
325 909 422 968 Primo
437 907 525 969 lioeat
546 907 583 967 de
606 925 641 967 ee
655 908 826 983 quaestione
848 918 944 984 p‘auou
967 909 1124 989 disserere,
1148 915 1228 985 eujus
1251 915 1334 974 nobis
1357 898 1411 991 qui

235 1008 281 1071 his
312 1011 490 1087 temporibus
524 1010 648 1071 vivimus
667 1011 779 1099 xstatim
811 1012 841 1072 in
874 1018 999 1072 mentem
1033 1014 1127 1074 venit:
1158 1033 1226 1090 qua
1252 1036 1288 1076 re
1314 1019 1411 1079 fides

207 1184 211 1191 .
235 1115 327 1175 tanti
348 1114 460 1191 pretii
482 1112 562 1191 fiat,
586 1119 624 1174 ut
639 1115 732 1176 Deus
755 1133 828 1174 eam
850 1111 1055 1198 elegerit.²)
1100 1118 1211 1177 Partim
1236 1120 1266 1178 in
1281 1121 1316 1181 iis
1331 1140 1411 1197 quae

230 1219 293 1295 jam
314 1217 451 1295 diximus,
474 1216 624 1292 responsio
647 1217 737 1295 inesq
769 1236 805 1284 ex
827 1219 919 1278 ultera
949 1228 1020 1278 vero
1041 1225 1125 1294 parte
1147 1239 1205 1281 non
1226 1227 1324 1298 pote‘st
1344 1226 1411 1284 dari

234 1300 393 1397 responsio.
437 1321 471 1379 In
493 1320 544 1379 illa
566 1320 642 1380 enim
663 1320 836 1395 quaestione
856 1339 892 1380 ea
915 1321 981 1396 ipsa
1007 1322 1147 1397 cogitatio
1161 1323 1308 1385 invenitur
1322 1345 1411 1402 quam

205 1431 206 1435 ’
234 1425 345 1484 Paulus
366 1423 530 1501 impugnat,
554 1423 667 1483 soilioet
689 1424 797 1483 debere
820 1425 914 1484 Deum
935 1427 973 1484 ob
996 1425 1140 1487 astionem
1163 1428 1309 1502 quandam
1332 1450 1410 1490 mer-

235 1529 334 1588 oedem
349 1526 457 1585 homini
472 1526 610 1586 tribuere.
655 1526 686 1585 si
708 1532 778 1586 vero
793 1528 919 1589 Paulum,
940 1528 1101 1606 sequimur,
1117 1531 1198 1589 Deus
1217 1536 1248 1590 et
1262 1532 1409 1592 astionem

233 1631 326 1707 ipsam
349 1648 385 1689 ex
407 1648 460 1689 sua
481 1634 628 1705 potestate
651 1629 733 1704 eligit
756 1635 785 1689 et
807 1632 914 1690 bonam
937 1631 1008 1690 dioit
1023 1636 1052 1690 et
1067 1633 1228 1692 mercedem
1245 1619 1405 1714 eonstituit,

134 1810 136 1815 Α
233 1734 258 1794 si
288 1733 345 1793 hae
374 1750 446 1792 vooe
476 1733 519 1793 uti
549 1732 628 1791 lioet.
672 1733 789 1793 Laudat
818 1751 889 1794 sane
918 1732 1005 1793 fidem
1031 1737 1196 1813 apostolus,
1219 1738 1352 1798 sednon
1375 1744 1408 1798 ut

233 1836 316 1899 multi
337 1837 433 1896 solent
455 1835 590 1895 virtutem
612 1836 747 1914 laudare,
771 1836 824 1896 sed
846 1836 916 1912 quia
938 1837 1063 1912 gratiam
1085 1844 1115 1898 et
1137 1839 1325 1900 veritatem
1345 1845 1407 1901 non

232 1939 341 2018 rejioit,
370 1940 423 1998 sed
449 1939 638 1999 oboedienter
664 1938 779 2015 aooipit.
792 1934 818 2021 2)
863 1941 957 2000 Totus
984 1940 1058 1999 enim
1088 1948 1223 2002 versatur
1244 1943 1354 2004 Paulus
1376 1945 1407 2003 in

233 2063 269 2105 ea
291 2043 452 2120 sententia,
476 2043 629 2103 veritatem
652 2061 716 2102 esse
739 2041 924 2118 evangelium
945 2061 1029 2103 suum
1045 2049 1074 2104 et
1089 2045 1126 2103 ob
1142 2063 1207 2105 eam
1222 2064 1282 2105 rem
1298 2048 1407 2108 debere

232 2147 289 2207 fide
320 2146 414 2222 aoeipi
444 2147 526 2205 Rom.
560 2147 608 2222 15,
645 2147 675 2205 8.
704 2147 743 2204 II.
782 2145 847 2205 Gor.
881 2148 928 2224 11,
963 2148 1018 2224 10,
1054 2148 1101 2224 13,
1133 2149 1166 2226 8;
1208 2150 1312 2224 quodsi
1348 2169 1408 2210 non

232 2268 333 2310 verum
349 2254 435 2328 esset,
451 2249 545 2324 ipsam
559 2247 647 2307 fidem
662 2245 796 2329 ματαίαν
811 2247 936 2309 futuram
952 2251 1051 2310 esset.
1066 2249 1130 2310 Gor.
1146 2252 1194 2329 15,
1210 2254 1248 2312 17
1263 2253 1299 2311 of.
1313 2272 1340 2311 v.
1357 2256 1406 2313 14.

232 2354 420 2414 Abstraotsm
446 2351 535 2428 igitur
560 2349 628 2410 fidei
659 2351 806 2412 notionem
828 2353 937 2411 Paulus
970 2371 1028 2412 non
1058 2353 1151 2426 novit;
1182 2353 1255 2415 fides
1277 2356 1407 2431 gentium

233 2462 262 2517 et
283 2457 460 2517 Judaeorum
483 2449 609 2519 ἀπιστία
624 2454 651 2513 ei
666 2455 861 2516 videturesse
876 2457 958 2516 Rom.
978 2458 1025 2533 ll,
1045 2457 1085 2516 20
1108 2456 1144 2516 ei.
1161 2459 1199 2516 11.
1216 2459 1281 2518 (tor.
1298 2462 1326 2537 6,
1346 2462 1406 2538 14.,
1460 2484 1462 2488 ·

233 2559 366 2636 quamvis
384 2558 543 2620 Abrahumi
557 2557 644 2619 fidem
658 2577 717 2619 non
731 2560 884 2636 reprobet,
901 2559 1009 2635 quippe
1032 2559 1082 2634 qui
1103 2559 1133 2618 iu
1156 2558 1336 2642 ἐπαγγελίαν
1350 2563 1409 2623 Dei

233 2663 269 2723 de
290 2664 362 2723 Jesu
384 2662 498 2723 Christo
521 2662 619 2723 datam
642 2681 675 2723 se
697 2661 845 2723 direxerit.
889 2663 994 2737 Neque
1018 2662 1145 2740 quaerit,
1171 2665 1315 2738 quomodo
1341 2684 1408 2724 oum

227 2765 344 2843 justitia
355 2765 411 2826 Dei
423 2766 515 2843 possit
527 2765 665 2843 conjungi
679 2753 760 2843 fides,
782 2764 923 2839 siquidem
943 2765 1060 2841 plurimi
1076 2766 1207 2826 homiues
1223 2768 1419 2843 evangelium

231 2888 290 2930 non
313 2869 478 2931 audiverint
499 2888 593 2944 neque
608 2869 754 2930 Christum
770 2868 975 2948 cognoverint3
1005 2869 1091 2928 immo
1112 2875 1265 2947 properat,
1289 2876 1322 2930 ut
1343 2871 1408 2947 ipse

231 2974 456 3050 quamplurimis
468 2992 533 3034 eum
542 2973 667 3034 nuntiet.
691 2973 760 3033 Sole
771 2972 847 3032 enim
857 2971 915 3032 fide
927 2972 1087 3032 christiana
1098 2973 1229 3033 homiues
1235 2974 1333 3049 justos
1344 2974 1409 3033 fieri

232 3084 261 3139 et
283 3078 383 3139 vivere
404 3054 629 3155 persuassimum
651 3075 679 3135 ei
701 3081 773 3136 eret.
816 3074 913 3135 Unde.
929 3075 1009 3134 veuit
1034 3074 1335 3136 universatismus
1357 3079 1408 3152 qui

231 3181 495 3242 dieiturPaulinus.
518 3181 584 3241 Jam
592 3179 669 3240 enim
677 3180 785 3239 Vetere
794 3180 984 3239 Testamento
993 3177 1142 3254 provisum
1152 3197 1225 3256 esse,
1235 3185 1338 3254 gentes
1349 3179 1408 3240 fide

226 3284 419 3362 justificatum
430 3284 466 3344 iri
480 3285 545 3345 Gal.
558 3285 586 3362 3,
600 3285 630 3343 8.
644 3282 681 3342 of.
697 3284 779 3343 Rom.
793 3283 822 3360 3,
836 3283 892 3354 21;
911 3282 1038 3341 Judaeos
1054 3300 1073 3340 a
1087 3283 1153 3357 lege
1169 3282 1316 3343 redemtos
1332 3302 1407 3362 esse,

230 3394 263 3449 ut
278 3395 308 3449 et
322 3392 425 3465 gentes
440 3392 470 3448 et
484 3386 588 3448 Judaei
603 3384 727 3446 fide'filii
749 3369 820 3445 fiant
835 3385 899 3449 Gal.
916 3386 945 3463 3,
964 3386 1002 3445 13
1019 3402 1042 3445 s.
1065 3386 1095 3463 4,
1113 3384 1148 3454 5;
1179 3404 1269 3460 quara
1292 3391 1408 3462 tempus

231 3510 288 3567 quo
310 3492 442 3552 Christus
467 3491 571 3551 missus
598 3494 644 3551 est
670 3484 819 3572 πλήρωμα
852 3489 904 3550 τοῦ
925 3484 1031 3572 χρόνον
1057 3493 1102 3548 est
1124 3488 1190 3548 Gal.
1209 3490 1242 3566 4,
1266 3491 1312 3567 4.,
1336 3495 1407 3549 tem·
1440 3552 1443 3579 ,

230 3613 285 3672 pus
296 3595 408 3655 scilieet
419 3594 469 3654 diu
480 3598 687 3671 praeparatum
699 3598 728 3652 et
740 3591 990 3668 praedestinatum
1002 3592 1031 3668 3,
1048 3591 1086 3651 15
1098 3609 1137 3652 ss.
1157 3593 1197 3652 22
1210 3610 1252 3664 ss;
1275 3594 1408 3679 quamob

319 3800 338 3868 ¹)
356 3798 396 3854 Of.
414 3799 511 3862 Immer,
530 3797 547 3851 l.
565 3812 588 3850 c.
606 3812 632 3865 p.
651 3795 709 3851 290.
754 3794 853 3859 Ewold,
871 3793 920 3844 Die
937 3794 1015 3845 Lebre
1040 3795 1083 3845 der
1099 3793 1173 3847 Bauer
1196 3813 1240 3847 uon
1271 3793 1325 3846 (ἕνα
1350 3793 1408 3848 oder

235 3886 359 3952 Tteobpie
377 3886 418 3936 des
429 3885 501 3936 Altera
509 3884 558 3934 und
569 3881 652 3933 Neues
663 3881 772 3950 Butades,
785 3881 822 3945 ΙΙ,
840 3878 895 3930 290
905 3898 925 3933 u.
943 3880 996 3946 III,
1015 3879 1066 3931 113
1076 3899 1108 3932 es.
1126 3912 1160 3920 -
1179 3879 1199 3949 ²)
1217 3882 1238 3935 Ι.
1251 3881 1311 3935 Gor.
1323 3879 1348 3950 3,
1361 3882 1406 3935 ll:

230 3975 343 4043 separo
361 4012 368 4026 .
388 4012 394 4025 .
412 3972 524 4039 κείμενον
542 4007 549 4022 .
568 4006 575 4022 .
594 3966 705 4036 Χριστὸς
720 3963 829 4035 Ἰησοῦς.
864 3965 966 4021 Ibidem
977 3964 1002 4034 8,
1014 3968 1042 4022 4:
1067 3969 1161 4022 εἴδωλα
1178 3982 1231 4020 non
1250 3970 1327 4035 sunt3
1350 3983 1406 4020 non

232 4067 274 4114 est
292 4058 366 4113 Deus
387 4061 499 4127 praeter
516 4070 611 4122 unum3
635 4053 700 4120 quin
718 4053 742 4107 si
759 4050 876 4106 fortasse
899 4059 973 4122 eunt,
996 4059 1091 4107 nostru
1114 4069 1168 4106 non
1191 4051 1276 4107 refert
1293 4069 1322 4106 ν.
1337 4051 1362 4106 b.
1381 4052 1406 4121 6,

232 4144 265 4199 of.
284 4143 324 4213 10,
337 4143 370 4198 19
380 4159 404 4198 s.
417 4150 445 4197 et
456 4142 490 4196 II.
503 4140 565 4196 Cor.
578 4141 619 4207 ll,
629 4141 655 4192 4.
667 4136 707 4192 Of.
720 4139 869 4205 Holemuaa,
881 4137 1053 4205 Bibalatudien,
1063 4159 1089 4205 p.
1102 4139 1159 4190 5³³.
1195 4138 1318 4204 Philippi,
1332 4138 1408 4198 Brief

231 4250 264 4282 αα
284 4231 322 4281 die
343 4225 530 4302 Rdruer,1866,
547 4247 572 4293 p.
588 4223 671 4277 12622.
696 4223 797 4289 Ewuld,
815 4225 831 4279 Ι.
848 4243 870 4278 o.
888 4225 941 4290 ΙΙΙ,
954 4244 982 4290 p.
1001 4223 1087 4279 265³.
1122 4226 1213 4294 Kuoet,
1231 4225 1283 4275 Der
1294 4210 1406 4277 uisitata

232 4318 336 4383 Beyn'ff
348 4317 390 4367 der
412 4311 641 4367 Watrteic.1879.
