<?xml version="1.0" encoding="UTF-8"?>
<!DOCTYPE html PUBLIC "-//W3C//DTD XHTML 1.0 Transitional//EN"
    "http://www.w3.org/TR/xhtml1/DTD/xhtml1-transitional.dtd">
<html xmlns="http://www.w3.org/1999/xhtml" xml:lang="en" lang="en">
 <head>
  <title>
</title>
<meta http-equiv="Content-Type" content="text/html;charset=utf-8" />
  <meta name='ocr-system' content='tesseract 3.04.00' />
  <meta name='ocr-capabilities' content='ocr_page ocr_carea ocr_par ocr_line ocrx_word'/>
</head>
<body>
  <div class='ocr_page' id='page_1' title='image "./defideinotionee01schngoog_0014.png"; bbox 0 0 3050 4848; ppageno 0'>
   <div class='ocr_carea' id='block_1_1' title="bbox 139 491 1314 678">
    <p class='ocr_par' dir='ltr' id='par_1_1' title="bbox 139 491 1314 678">
     <span class='ocr_line' id='line_1_1' title="bbox 139 491 1314 571; baseline 0.002 -18"><span class='ocrx_word' id='word_1_1' title='bbox 139 494 274 571; x_wconf 85' lang='lat' dir='ltr'>precibus</span> <span class='ocrx_word' id='word_1_2' title='bbox 304 492 475 569; x_wconf 80' lang='lat' dir='ltr'>aggreditur</span> <span class='ocrx_word' id='word_1_3' title='bbox 507 491 812 553; x_wconf 83' lang='lat' dir='ltr'>Thessalonicensium</span> <span class='ocrx_word' id='word_1_4' title='bbox 846 510 944 552; x_wconf 88' lang='lat' dir='ltr'>causa.</span> <span class='ocrx_word' id='word_1_5' title='bbox 996 491 1077 552; x_wconf 92' lang='lat' dir='ltr'>Idem</span> <span class='ocrx_word' id='word_1_6' title='bbox 1111 511 1147 552; x_wconf 88' lang='lat' dir='ltr'>ex</span> <span class='ocrx_word' id='word_1_7' title='bbox 1180 493 1314 555; x_wconf 88' lang='lat' dir='ltr'>versibus</span> 
     </span>
     <span class='ocr_line' id='line_1_2' title="bbox 140 590 1314 678; baseline 0 -21"><span class='ocrx_word' id='word_1_8' title='bbox 140 597 328 672; x_wconf 88' lang='lat' dir='ltr'>sequentibus</span> <span class='ocrx_word' id='word_1_9' title='bbox 350 590 388 678; x_wconf 90' lang='lat' dir='ltr'>(I,</span> <span class='ocrx_word' id='word_1_10' title='bbox 414 598 441 673; x_wconf 91' lang='lat'>1,</span> <span class='ocrx_word' id='word_1_11' title='bbox 465 597 485 654; x_wconf 86' lang='lat'>4</span> <span class='ocrx_word' id='word_1_12' title='bbox 501 591 555 677; x_wconf 82' lang='lat' dir='ltr'>ss.)</span> <span class='ocrx_word' id='word_1_13' title='bbox 577 596 764 673; x_wconf 79' lang='lat' dir='ltr'>perspicitur,</span> <span class='ocrx_word' id='word_1_14' title='bbox 782 614 873 672; x_wconf 92' lang='lat' dir='ltr'>quum</span> <span class='ocrx_word' id='word_1_15' title='bbox 889 613 1006 655; x_wconf 87' lang='lat' dir='ltr'>causam</span> <span class='ocrx_word' id='word_1_16' title='bbox 1021 596 1181 671; x_wconf 88' lang='lat' dir='ltr'>gratiarum</span> <span class='ocrx_word' id='word_1_17' title='bbox 1196 615 1314 657; x_wconf 89' lang='lat' dir='ltr'>suarum</span> 
     </span>
    </p>
   </div>
   <div class='ocr_carea' id='block_1_2' title="bbox 31 688 1314 781">
    <p class='ocr_par' dir='ltr' id='par_1_2' title="bbox 31 688 1314 781">
     <span class='ocr_line' id='line_1_3' title="bbox 31 688 1314 781; baseline 0 -21"><span class='ocrx_word' id='word_1_18' title='bbox 31 688 47 731; x_wconf 65' lang='grc'>’·</span> <span class='ocrx_word' id='word_1_19' title='bbox 141 703 243 760; x_wconf 87' lang='lat' dir='ltr'>afferat</span> <span class='ocrx_word' id='word_1_20' title='bbox 266 699 425 776; x_wconf 77' lang='lat' dir='ltr'>duplicem,</span> <span class='ocrx_word' id='word_1_21' title='bbox 443 699 633 776; x_wconf 77' lang='lat' dir='ltr'>subjectivum</span> <span class='ocrx_word' id='word_1_22' title='bbox 649 700 778 777; x_wconf 88' lang='lat' dir='ltr'>quidem,</span> <span class='ocrx_word' id='word_1_23' title='bbox 802 698 881 773; x_wconf 88' lang='lat' dir='ltr'>quod</span> <span class='ocrx_word' id='word_1_24' title='bbox 901 698 975 758; x_wconf 88' lang='lat' dir='ltr'>sciat</span> <span class='ocrx_word' id='word_1_25' title='bbox 997 693 1122 781; x_wconf 79' lang='grc' dir='ltr'>ἐκλογήν</span> <span class='ocrx_word' id='word_1_26' title='bbox 1143 698 1314 760; x_wconf 87' lang='lat' dir='ltr'>electionem</span> 
     </span>
    </p>
   </div>
   <div class='ocr_carea' id='block_1_3' title="bbox 137 787 1318 3676">
    <p class='ocr_par' dir='ltr' id='par_1_3' title="bbox 138 787 1316 1401">
     <span class='ocr_line' id='line_1_4' title="bbox 140 787 1315 885; baseline 0.001 -21"><span class='ocrx_word' id='word_1_27' title='bbox 140 822 238 864; x_wconf 89' lang='lat' dir='ltr'>eorum</span> <span class='ocrx_word' id='word_1_28' title='bbox 254 801 395 879; x_wconf 89' lang='lat' dir='ltr'>divinam,</span> <span class='ocrx_word' id='word_1_29' title='bbox 420 820 456 861; x_wconf 83' lang='lat' dir='ltr'>cx</span> <span class='ocrx_word' id='word_1_30' title='bbox 471 787 530 877; x_wconf 87' lang='lat' dir='ltr'>qua</span> <span class='ocrx_word' id='word_1_31' title='bbox 556 807 749 879; x_wconf 88' lang='lat' dir='ltr'>cognoscatur</span> <span class='ocrx_word' id='word_1_32' title='bbox 771 820 852 862; x_wconf 89' lang='lat' dir='ltr'>amor</span> <span class='ocrx_word' id='word_1_33' title='bbox 867 802 937 879; x_wconf 91' lang='lat' dir='ltr'>Dei,</span> <span class='ocrx_word' id='word_1_34' title='bbox 961 819 1026 877; x_wconf 28' lang='lat' dir='ltr'>qua,</span> <span class='ocrx_word' id='word_1_35' title='bbox 1040 821 1072 861; x_wconf 92' lang='lat' dir='ltr'>re</span> <span class='ocrx_word' id='word_1_36' title='bbox 1095 802 1176 862; x_wconf 86' lang='lat' dir='ltr'>addit</span> <span class='ocrx_word' id='word_1_37' title='bbox 1192 797 1315 885; x_wconf 81' lang='grc' dir='ltr'>ἀδελφοὶ</span> 
     </span>
     <span class='ocr_line' id='line_1_5' title="bbox 138 899 1314 989; baseline -0.003 -20"><span class='ocrx_word' id='word_1_38' title='bbox 138 902 325 989; x_wconf 75' lang='grc' dir='ltr'>ἠγαπημένοι</span> <span class='ocrx_word' id='word_1_39' title='bbox 357 899 412 967; x_wconf 86' lang='grc' dir='ltr'>ύπὸ</span> <span class='ocrx_word' id='word_1_40' title='bbox 447 903 522 969; x_wconf 63' lang='lat' dir='ltr'>boob</span> <span class='ocrx_word' id='word_1_41' title='bbox 545 940 594 983; x_wconf 91' lang='lat'>—-,</span> <span class='ocrx_word' id='word_1_42' title='bbox 625 912 655 967; x_wconf 88' lang='lat' dir='ltr'>et</span> <span class='ocrx_word' id='word_1_43' title='bbox 685 906 863 982; x_wconf 91' lang='lat' dir='ltr'>objectivam</span> <span class='ocrx_word' id='word_1_44' title='bbox 892 923 920 963; x_wconf 89' lang='lat' dir='ltr'>v.</span> <span class='ocrx_word' id='word_1_45' title='bbox 945 906 1034 965; x_wconf 85' lang='lat' dir='ltr'>5ss.:</span> <span class='ocrx_word' id='word_1_46' title='bbox 1064 905 1314 982; x_wconf 77' lang='lat' dir='ltr'>praedicationem</span> 
     </span>
     <span class='ocr_line' id='line_1_6' title="bbox 140 1008 1313 1086; baseline -0.002 -16"><span class='ocrx_word' id='word_1_47' title='bbox 140 1009 286 1086; x_wconf 87' lang='lat' dir='ltr'>evangelii</span> <span class='ocrx_word' id='word_1_48' title='bbox 315 1008 391 1068; x_wconf 91' lang='lat' dir='ltr'>inter</span> <span class='ocrx_word' id='word_1_49' title='bbox 420 1026 471 1068; x_wconf 90' lang='lat' dir='ltr'>cos</span> <span class='ocrx_word' id='word_1_50' title='bbox 502 1009 579 1067; x_wconf 92' lang='lat' dir='ltr'>omni</span> <span class='ocrx_word' id='word_1_51' title='bbox 607 1009 762 1085; x_wconf 89' lang='lat' dir='ltr'>potcstatis</span> <span class='ocrx_word' id='word_1_52' title='bbox 796 1008 911 1068; x_wconf 89' lang='lat' dir='ltr'>divinae</span> <span class='ocrx_word' id='word_1_53' title='bbox 934 1008 1168 1068; x_wconf 79' lang='lat' dir='ltr'>manifestatione</span> <span class='ocrx_word' id='word_1_54' title='bbox 1195 1008 1313 1068; x_wconf 85' lang='lat' dir='ltr'>factam.</span> 
     </span>
     <span class='ocr_line' id='line_1_7' title="bbox 139 1086 1314 1195; baseline -0.003 -20"><span class='ocrx_word' id='word_1_55' title='bbox 139 1116 228 1174; x_wconf 89' lang='lat' dir='ltr'>Velut</span> <span class='ocrx_word' id='word_1_56' title='bbox 249 1112 339 1188; x_wconf 89' lang='lat' dir='ltr'>igitur</span> <span class='ocrx_word' id='word_1_57' title='bbox 358 1086 449 1171; x_wconf 72' lang='lat' dir='ltr'>causa</span> <span class='ocrx_word' id='word_1_58' title='bbox 472 1111 630 1187; x_wconf 90' lang='lat' dir='ltr'>gratiarum</span> <span class='ocrx_word' id='word_1_59' title='bbox 644 1113 731 1189; x_wconf 87' lang='lat' dir='ltr'>Pauli</span> <span class='ocrx_word' id='word_1_60' title='bbox 753 1111 877 1172; x_wconf 89' lang='lat' dir='ltr'>scicntia</span> <span class='ocrx_word' id='word_1_61' title='bbox 900 1112 963 1188; x_wconf 90' lang='lat' dir='ltr'>ejus</span> <span class='ocrx_word' id='word_1_62' title='bbox 979 1107 1121 1195; x_wconf 82' lang='grc' dir='ltr'>(εἰδότες)</span> <span class='ocrx_word' id='word_1_63' title='bbox 1138 1117 1182 1173; x_wconf 90' lang='lat' dir='ltr'>est</span> <span class='ocrx_word' id='word_1_64' title='bbox 1197 1112 1314 1173; x_wconf 88' lang='lat' dir='ltr'>electio-</span> 
     </span>
     <span class='ocr_line' id='line_1_8' title="bbox 139 1214 1316 1292; baseline -0.001 -15"><span class='ocrx_word' id='word_1_65' title='bbox 139 1218 184 1277; x_wconf 88' lang='lat' dir='ltr'>nis</span> <span class='ocrx_word' id='word_1_66' title='bbox 214 1234 325 1288; x_wconf 91' lang='lat' dir='ltr'>eorum,</span> <span class='ocrx_word' id='word_1_67' title='bbox 351 1214 393 1274; x_wconf 89' lang='lat' dir='ltr'>ita</span> <span class='ocrx_word' id='word_1_68' title='bbox 415 1232 504 1275; x_wconf 89' lang='lat' dir='ltr'>causa</span> <span class='ocrx_word' id='word_1_69' title='bbox 526 1214 596 1274; x_wconf 90' lang='lat' dir='ltr'>fidei</span> <span class='ocrx_word' id='word_1_70' title='bbox 618 1220 648 1274; x_wconf 88' lang='lat' dir='ltr'>et</span> <span class='ocrx_word' id='word_1_71' title='bbox 670 1215 801 1275; x_wconf 88' lang='lat' dir='ltr'>caritatis</span> <span class='ocrx_word' id='word_1_72' title='bbox 824 1220 854 1274; x_wconf 92' lang='lat' dir='ltr'>et</span> <span class='ocrx_word' id='word_1_73' title='bbox 875 1215 938 1292; x_wconf 90' lang='lat' dir='ltr'>spei</span> <span class='ocrx_word' id='word_1_74' title='bbox 969 1233 1068 1275; x_wconf 89' lang='lat' dir='ltr'>eornm</span> <span class='ocrx_word' id='word_1_75' title='bbox 1097 1232 1178 1275; x_wconf 92' lang='lat' dir='ltr'>amor</span> <span class='ocrx_word' id='word_1_76' title='bbox 1207 1215 1264 1276; x_wconf 88' lang='lat' dir='ltr'>Dei</span> <span class='ocrx_word' id='word_1_77' title='bbox 1286 1220 1316 1276; x_wconf 88' lang='lat' dir='ltr'>et</span> 
     </span>
     <span class='ocr_line' id='line_1_9' title="bbox 139 1313 971 1401; baseline -0.004 -21"><span class='ocrx_word' id='word_1_78' title='bbox 139 1320 243 1380; x_wconf 90' lang='lat' dir='ltr'>electio</span> <span class='ocrx_word' id='word_1_79' title='bbox 266 1322 295 1378; x_wconf 93' lang='lat' dir='ltr'>et</span> <span class='ocrx_word' id='word_1_80' title='bbox 317 1318 498 1394; x_wconf 86' lang='lat' dir='ltr'>praedicatio</span> <span class='ocrx_word' id='word_1_81' title='bbox 522 1317 681 1395; x_wconf 88' lang='lat' dir='ltr'>evangelii,</span> <span class='ocrx_word' id='word_1_82' title='bbox 706 1318 742 1377; x_wconf 87' lang='lat' dir='ltr'>cf.</span> <span class='ocrx_word' id='word_1_83' title='bbox 766 1320 804 1396; x_wconf 93' lang='grc' dir='ltr'>Π,</span> <span class='ocrx_word' id='word_1_84' title='bbox 829 1320 858 1395; x_wconf 78' lang='lat'>2,</span> <span class='ocrx_word' id='word_1_85' title='bbox 884 1320 932 1377; x_wconf 84' lang='lat'>13.</span> <span class='ocrx_word' id='word_1_86' title='bbox 945 1313 971 1401; x_wconf 84' lang='lat'>¹)</span> 
     </span>
    </p>

    <p class='ocr_par' dir='ltr' id='par_1_4' title="bbox 137 1421 1317 2847">
     <span class='ocr_line' id='line_1_10' title="bbox 224 1421 1314 1501; baseline -0.001 -17"><span class='ocrx_word' id='word_1_87' title='bbox 224 1421 377 1494; x_wconf 79' lang='lat' dir='ltr'>Quomodo</span> <span class='ocrx_word' id='word_1_88' title='bbox 407 1440 477 1481; x_wconf 89' lang='lat' dir='ltr'>vero</span> <span class='ocrx_word' id='word_1_89' title='bbox 508 1421 787 1481; x_wconf 83' lang='lat' dir='ltr'>Thessalonicenses</span> <span class='ocrx_word' id='word_1_90' title='bbox 815 1422 890 1482; x_wconf 87' lang='lat' dir='ltr'>tales</span> <span class='ocrx_word' id='word_1_91' title='bbox 921 1421 992 1482; x_wconf 84' lang='lat' dir='ltr'>iacti</span> <span class='ocrx_word' id='word_1_92' title='bbox 1023 1423 1093 1500; x_wconf 91' lang='lat' dir='ltr'>sint,</span> <span class='ocrx_word' id='word_1_93' title='bbox 1122 1425 1225 1498; x_wconf 91' lang='lat' dir='ltr'>quales</span> <span class='ocrx_word' id='word_1_94' title='bbox 1247 1422 1314 1501; x_wconf 90' lang='lat' dir='ltr'>sint,</span> 
     </span>
     <span class='ocr_line' id='line_1_11' title="bbox 138 1513 1316 1604; baseline -0.001 -18"><span class='ocrx_word' id='word_1_95' title='bbox 138 1527 201 1587; x_wconf 89' lang='lat' dir='ltr'>sive</span> <span class='ocrx_word' id='word_1_96' title='bbox 224 1527 369 1602; x_wconf 90' lang='lat' dir='ltr'>quomodo</span> <span class='ocrx_word' id='word_1_97' title='bbox 391 1525 421 1583; x_wconf 93' lang='lat' dir='ltr'>in</span> <span class='ocrx_word' id='word_1_98' title='bbox 443 1513 550 1583; x_wconf 89' lang='lat' dir='ltr'>novum</span> <span class='ocrx_word' id='word_1_99' title='bbox 572 1523 652 1586; x_wconf 91' lang='lat' dir='ltr'>illum</span> <span class='ocrx_word' id='word_1_100' title='bbox 675 1529 784 1585; x_wconf 87' lang='lat' dir='ltr'>statum</span> <span class='ocrx_word' id='word_1_101' title='bbox 799 1527 938 1586; x_wconf 88' lang='lat' dir='ltr'>moralem</span> <span class='ocrx_word' id='word_1_102' title='bbox 954 1525 1177 1603; x_wconf 88' lang='lat' dir='ltr'>christianorum</span> <span class='ocrx_word' id='word_1_103' title='bbox 1191 1526 1316 1604; x_wconf 86' lang='lat' dir='ltr'>ingrcssi</span> 
     </span>
     <span class='ocr_line' id='line_1_12' title="bbox 139 1625 1316 1713; baseline -0.001 -23"><span class='ocrx_word' id='word_1_104' title='bbox 139 1631 209 1709; x_wconf 90' lang='lat' dir='ltr'>sint,</span> <span class='ocrx_word' id='word_1_105' title='bbox 233 1626 407 1705; x_wconf 79' lang='lat' dir='ltr'>intelligitur</span> <span class='ocrx_word' id='word_1_106' title='bbox 429 1646 458 1686; x_wconf 87' lang='grc' dir='ltr'>ν.</span> <span class='ocrx_word' id='word_1_107' title='bbox 483 1629 518 1686; x_wconf 82' lang='lat'>6:</span> <span class='ocrx_word' id='word_1_108' title='bbox 550 1627 711 1689; x_wconf 90' lang='lat' dir='ltr'>imitatores</span> <span class='ocrx_word' id='word_1_109' title='bbox 737 1629 809 1690; x_wconf 86' lang='lat' dir='ltr'>facti</span> <span class='ocrx_word' id='word_1_110' title='bbox 824 1635 892 1690; x_wconf 89' lang='lat' dir='ltr'>sunt</span> <span class='ocrx_word' id='word_1_111' title='bbox 907 1625 1101 1713; x_wconf 64' lang='grc' dir='ltr'>(ἐγενήὲιητε)</span> <span class='ocrx_word' id='word_1_112' title='bbox 1118 1629 1316 1706; x_wconf 87' lang='lat' dir='ltr'>apostolorum</span> 
     </span>
     <span class='ocr_line' id='line_1_13' title="bbox 140 1725 1316 1816; baseline 0.001 -22"><span class='ocrx_word' id='word_1_113' title='bbox 140 1740 169 1794; x_wconf 92' lang='lat' dir='ltr'>et</span> <span class='ocrx_word' id='word_1_114' title='bbox 191 1733 309 1794; x_wconf 91' lang='lat' dir='ltr'>Domini</span> <span class='ocrx_word' id='word_1_115' title='bbox 341 1730 446 1808; x_wconf 91' lang='lat' dir='ltr'>ipsius,</span> <span class='ocrx_word' id='word_1_116' title='bbox 478 1725 633 1813; x_wconf 75' lang='grc' dir='ltr'>δεξάμενοι</span> <span class='ocrx_word' id='word_1_117' title='bbox 661 1726 712 1794; x_wconf 83' lang='grc' dir='ltr'>τὸν</span> <span class='ocrx_word' id='word_1_118' title='bbox 742 1727 829 1814; x_wconf 80' lang='grc' dir='ltr'>λόγον</span> <span class='ocrx_word' id='word_1_119' title='bbox 851 1780 858 1794; x_wconf 88' lang='grc'><strong>.</strong></span> <span class='ocrx_word' id='word_1_120' title='bbox 883 1780 889 1794; x_wconf 92' lang='grc'><strong>.</strong></span> <span class='ocrx_word' id='word_1_121' title='bbox 914 1728 994 1814; x_wconf 87' lang='grc' dir='ltr'>μετὰ</span> <span class='ocrx_word' id='word_1_122' title='bbox 1021 1733 1121 1816; x_wconf 80' lang='grc' dir='ltr'>χαρᾶς</span> <span class='ocrx_word' id='word_1_123' title='bbox 1147 1728 1316 1814; x_wconf 82' lang='grc' dir='ltr'>πνεύματος</span> 
     </span>
     <span class='ocr_line' id='line_1_14' title="bbox 140 1828 1316 1920; baseline -0.003 -20"><span class='ocrx_word' id='word_1_124' title='bbox 140 1832 233 1920; x_wconf 83' lang='grc' dir='ltr'><strong>ἁγίου.</strong></span> <span class='ocrx_word' id='word_1_125' title='bbox 289 1836 370 1895; x_wconf 90' lang='lat' dir='ltr'>Idem</span> <span class='ocrx_word' id='word_1_126' title='bbox 402 1828 553 1910; x_wconf 67' lang='grc' dir='ltr'>δέξασὶναι</span> <span class='ocrx_word' id='word_1_127' title='bbox 579 1835 727 1895; x_wconf 88' lang='lat' dir='ltr'>invenitur</span> <span class='ocrx_word' id='word_1_128' title='bbox 752 1838 892 1914; x_wconf 79' lang='lat'>1,2,13;</span> <span class='ocrx_word' id='word_1_129' title='bbox 921 1837 1061 1912; x_wconf 88' lang='lat' dir='ltr'>negative</span> <span class='ocrx_word' id='word_1_130' title='bbox 1089 1855 1159 1896; x_wconf 88' lang='lat' dir='ltr'>vero</span> <span class='ocrx_word' id='word_1_131' title='bbox 1175 1838 1213 1913; x_wconf 88' lang='grc' dir='ltr'>ΙΙ,</span> <span class='ocrx_word' id='word_1_132' title='bbox 1230 1837 1260 1914; x_wconf 77' lang='grc'>2,·</span> <span class='ocrx_word' id='word_1_133' title='bbox 1278 1838 1316 1896; x_wconf 86' lang='grc'>10</span> 
     </span>
     <span class='ocr_line' id='line_1_15' title="bbox 138 1933 1317 2016; baseline 0.001 -14"><span class='ocrx_word' id='word_1_134' title='bbox 138 1943 168 2002; x_wconf 91' lang='lat' dir='ltr'>in</span> <span class='ocrx_word' id='word_1_135' title='bbox 194 1939 374 2016; x_wconf 89' lang='lat' dir='ltr'>infidelibus,</span> <span class='ocrx_word' id='word_1_136' title='bbox 398 1937 507 2014; x_wconf 90' lang='lat' dir='ltr'>quippe</span> <span class='ocrx_word' id='word_1_137' title='bbox 534 1937 585 2013; x_wconf 92' lang='lat' dir='ltr'>qui</span> <span class='ocrx_word' id='word_1_138' title='bbox 610 1933 645 2000; x_wconf 82' lang='grc' dir='ltr'>τὸ</span> <span class='ocrx_word' id='word_1_139' title='bbox 669 1934 818 2015; x_wconf 65' lang='grc' dir='ltr'>δέξασὶιαι</span> <span class='ocrx_word' id='word_1_140' title='bbox 844 1939 937 2000; x_wconf 90' lang='lat' dir='ltr'>nolint</span> <span class='ocrx_word' id='word_1_141' title='bbox 958 1944 1117 2016; x_wconf 83' lang='lat' dir='ltr'>praestare.</span> <span class='ocrx_word' id='word_1_142' title='bbox 1162 1934 1317 2014; x_wconf 67' lang='grc' dir='ltr'>Δέξασῖιαι</span> 
     </span>
     <span class='ocr_line' id='line_1_16' title="bbox 138 2041 1315 2120; baseline -0.002 -17"><span class='ocrx_word' id='word_1_143' title='bbox 138 2064 208 2105; x_wconf 88' lang='lat' dir='ltr'>vcro</span> <span class='ocrx_word' id='word_1_144' title='bbox 231 2048 276 2104; x_wconf 90' lang='lat' dir='ltr'>cst</span> <span class='ocrx_word' id='word_1_145' title='bbox 299 2042 376 2104; x_wconf 87' lang='lat' dir='ltr'>actio</span> <span class='ocrx_word' id='word_1_146' title='bbox 392 2041 545 2117; x_wconf 87' lang='lat' dir='ltr'>quaedam</span> <span class='ocrx_word' id='word_1_147' title='bbox 567 2060 626 2102; x_wconf 88' lang='lat' dir='ltr'>una</span> <span class='ocrx_word' id='word_1_148' title='bbox 649 2048 678 2102; x_wconf 88' lang='lat' dir='ltr'>et</span> <span class='ocrx_word' id='word_1_149' title='bbox 700 2043 823 2120; x_wconf 87' lang='lat' dir='ltr'>simplex</span> <span class='ocrx_word' id='word_1_150' title='bbox 839 2043 896 2104; x_wconf 88' lang='lat' dir='ltr'>sibi</span> <span class='ocrx_word' id='word_1_151' title='bbox 911 2043 1102 2103; x_wconf 85' lang='lat' dir='ltr'>assumendae</span> <span class='ocrx_word' id='word_1_152' title='bbox 1117 2041 1240 2120; x_wconf 87' lang='lat' dir='ltr'>alicujus</span> <span class='ocrx_word' id='word_1_153' title='bbox 1255 2043 1315 2120; x_wconf 77' lang='lat' dir='ltr'>rci3</span> 
     </span>
     <span class='ocr_line' id='line_1_17' title="bbox 138 2143 1315 2225; baseline -0.003 -16"><span class='ocrx_word' id='word_1_154' title='bbox 138 2149 208 2225; x_wconf 89' lang='lat' dir='ltr'>quia</span> <span class='ocrx_word' id='word_1_155' title='bbox 237 2165 307 2206; x_wconf 87' lang='lat' dir='ltr'>vero</span> <span class='ocrx_word' id='word_1_156' title='bbox 337 2145 385 2204; x_wconf 91' lang='lat' dir='ltr'>hic</span> <span class='ocrx_word' id='word_1_157' title='bbox 415 2143 513 2220; x_wconf 88' lang='lat' dir='ltr'>agitur</span> <span class='ocrx_word' id='word_1_158' title='bbox 542 2145 578 2204; x_wconf 90' lang='lat' dir='ltr'>dc</span> <span class='ocrx_word' id='word_1_159' title='bbox 608 2147 699 2206; x_wconf 89' lang='lat' dir='ltr'>verbo</span> <span class='ocrx_word' id='word_1_160' title='bbox 727 2146 783 2206; x_wconf 90' lang='lat' dir='ltr'>Dei</span> <span class='ocrx_word' id='word_1_161' title='bbox 812 2146 995 2224; x_wconf 89' lang='lat' dir='ltr'>praedicato,</span> <span class='ocrx_word' id='word_1_162' title='bbox 1028 2146 1211 2206; x_wconf 83' lang='lat' dir='ltr'>existimatur</span> <span class='ocrx_word' id='word_1_163' title='bbox 1240 2145 1315 2205; x_wconf 86' lang='lat' dir='ltr'>actio</span> 
     </span>
     <span class='ocr_line' id='line_1_18' title="bbox 137 2247 1313 2330; baseline -0.004 -17"><span class='ocrx_word' id='word_1_164' title='bbox 137 2250 307 2330; x_wconf 88' lang='lat' dir='ltr'>spiritualis.</span> <span class='ocrx_word' id='word_1_165' title='bbox 372 2250 470 2324; x_wconf 78' lang='lat' dir='ltr'>Atque</span> <span class='ocrx_word' id='word_1_166' title='bbox 507 2247 583 2308; x_wconf 89' lang='lat' dir='ltr'>sicut</span> <span class='ocrx_word' id='word_1_167' title='bbox 624 2251 747 2310; x_wconf 89' lang='lat' dir='ltr'>verbum</span> <span class='ocrx_word' id='word_1_168' title='bbox 768 2250 825 2310; x_wconf 88' lang='lat' dir='ltr'>Dei</span> <span class='ocrx_word' id='word_1_169' title='bbox 861 2267 921 2310; x_wconf 91' lang='lat' dir='ltr'>non</span> <span class='ocrx_word' id='word_1_170' title='bbox 958 2250 1020 2310; x_wconf 92' lang='lat' dir='ltr'>sine</span> <span class='ocrx_word' id='word_1_171' title='bbox 1058 2249 1170 2309; x_wconf 86' lang='lat' dir='ltr'>viribus</span> <span class='ocrx_word' id='word_1_172' title='bbox 1206 2248 1313 2309; x_wconf 85' lang='lat' dir='ltr'>divinis</span> 
     </span>
     <span class='ocr_line' id='line_1_19' title="bbox 138 2350 1314 2433; baseline -0.003 -18"><span class='ocrx_word' id='word_1_173' title='bbox 138 2355 325 2433; x_wconf 88' lang='lat' dir='ltr'>praedicatur</span> <span class='ocrx_word' id='word_1_174' title='bbox 355 2371 384 2411; x_wconf 88' lang='lat' dir='ltr'>v.</span> <span class='ocrx_word' id='word_1_175' title='bbox 409 2353 428 2411; x_wconf 88' lang='lat'>5</span> <span class='ocrx_word' id='word_1_176' title='bbox 452 2356 482 2411; x_wconf 86' lang='lat' dir='ltr'>ct</span> <span class='ocrx_word' id='word_1_177' title='bbox 514 2350 544 2410; x_wconf 92' lang='lat' dir='ltr'>in</span> <span class='ocrx_word' id='word_1_178' title='bbox 576 2351 712 2413; x_wconf 89' lang='lat' dir='ltr'>fidehbus</span> <span class='ocrx_word' id='word_1_179' title='bbox 746 2353 844 2412; x_wconf 90' lang='lat' dir='ltr'>vivum</span> <span class='ocrx_word' id='word_1_180' title='bbox 882 2372 914 2413; x_wconf 90' lang='lat' dir='ltr'>sc</span> <span class='ocrx_word' id='word_1_181' title='bbox 946 2358 1079 2430; x_wconf 88' lang='lat' dir='ltr'>praestat</span> <span class='ocrx_word' id='word_1_182' title='bbox 1101 2355 1124 2430; x_wconf 92' lang='lat' dir='ltr'>I,</span> <span class='ocrx_word' id='word_1_183' title='bbox 1148 2355 1177 2431; x_wconf 80' lang='lat'>2,</span> <span class='ocrx_word' id='word_1_184' title='bbox 1203 2354 1251 2431; x_wconf 84' lang='lat'>13,</span> <span class='ocrx_word' id='word_1_185' title='bbox 1277 2387 1314 2397; x_wconf 77' lang='grc'>-</span> 
     </span>
     <span class='ocr_line' id='line_1_20' title="bbox 138 2452 1316 2539; baseline -0.003 -20"><span class='ocrx_word' id='word_1_186' title='bbox 138 2460 181 2519; x_wconf 89' lang='lat' dir='ltr'>ita</span> <span class='ocrx_word' id='word_1_187' title='bbox 209 2477 246 2517; x_wconf 91' lang='lat' dir='ltr'>ne</span> <span class='ocrx_word' id='word_1_188' title='bbox 276 2455 433 2517; x_wconf 85' lang='lat' dir='ltr'>assumitur</span> <span class='ocrx_word' id='word_1_189' title='bbox 461 2454 579 2530; x_wconf 83' lang='lat' dir='ltr'>quidem</span> <span class='ocrx_word' id='word_1_190' title='bbox 609 2455 671 2516; x_wconf 92' lang='lat' dir='ltr'>sine</span> <span class='ocrx_word' id='word_1_191' title='bbox 701 2457 811 2533; x_wconf 76' lang='lat' dir='ltr'>Spiritu</span> <span class='ocrx_word' id='word_1_192' title='bbox 840 2457 947 2518; x_wconf 80' lang='lat' dir='ltr'>Sancto</span> <span class='ocrx_word' id='word_1_193' title='bbox 976 2459 999 2535; x_wconf 94' lang='grc' dir='ltr'>Ι,</span> <span class='ocrx_word' id='word_1_194' title='bbox 1026 2459 1052 2534; x_wconf 92' lang='grc'>1,</span> <span class='ocrx_word' id='word_1_195' title='bbox 1077 2459 1106 2516; x_wconf 88' lang='lat'>6.</span> <span class='ocrx_word' id='word_1_196' title='bbox 1119 2452 1146 2539; x_wconf 49' lang='grc' dir='ltr'>Ι)</span> <span class='ocrx_word' id='word_1_197' title='bbox 1199 2456 1316 2517; x_wconf 88' lang='lat' dir='ltr'>Initium</span> 
     </span>
     <span class='ocr_line' id='line_1_21' title="bbox 138 2558 1317 2639; baseline -0.001 -17"><span class='ocrx_word' id='word_1_198' title='bbox 138 2563 227 2639; x_wconf 89' lang='lat' dir='ltr'>igitur</span> <span class='ocrx_word' id='word_1_199' title='bbox 260 2561 329 2621; x_wconf 86' lang='lat' dir='ltr'>novi</span> <span class='ocrx_word' id='word_1_200' title='bbox 361 2564 454 2620; x_wconf 87' lang='lat' dir='ltr'>status</span> <span class='ocrx_word' id='word_1_201' title='bbox 488 2558 639 2619; x_wconf 83' lang='lat' dir='ltr'>christiani</span> <span class='ocrx_word' id='word_1_202' title='bbox 671 2560 780 2621; x_wconf 86' lang='lat' dir='ltr'>factum</span> <span class='ocrx_word' id='word_1_203' title='bbox 814 2567 859 2621; x_wconf 91' lang='lat' dir='ltr'>est</span> <span class='ocrx_word' id='word_1_204' title='bbox 892 2560 1006 2621; x_wconf 88' lang='lat' dir='ltr'>actione</span> <span class='ocrx_word' id='word_1_205' title='bbox 1034 2560 1161 2635; x_wconf 87' lang='lat' dir='ltr'>quadam</span> <span class='ocrx_word' id='word_1_206' title='bbox 1191 2561 1317 2621; x_wconf 89' lang='lat' dir='ltr'>hnmana</span> 
     </span>
     <span class='ocr_line' id='line_1_22' title="bbox 140 2646 1316 2743; baseline -0.001 -17"><span class='ocrx_word' id='word_1_207' title='bbox 140 2664 296 2743; x_wconf 87' lang='lat' dir='ltr'>spirituali,</span> <span class='ocrx_word' id='word_1_208' title='bbox 336 2646 503 2723; x_wconf 88' lang='lat' dir='ltr'>assumendi</span> <span class='ocrx_word' id='word_1_209' title='bbox 542 2662 655 2724; x_wconf 86' lang='lat' dir='ltr'>scilicet</span> <span class='ocrx_word' id='word_1_210' title='bbox 689 2664 847 2742; x_wconf 87' lang='lat' dir='ltr'>evangelii,</span> <span class='ocrx_word' id='word_1_211' title='bbox 882 2664 994 2724; x_wconf 87' lang='lat' dir='ltr'>viribus</span> <span class='ocrx_word' id='word_1_212' title='bbox 1027 2684 1045 2723; x_wconf 91' lang='lat' dir='ltr'>a</span> <span class='ocrx_word' id='word_1_213' title='bbox 1078 2663 1187 2740; x_wconf 83' lang='lat' dir='ltr'>Spiritu</span> <span class='ocrx_word' id='word_1_214' title='bbox 1209 2665 1316 2725; x_wconf 84' lang='lat' dir='ltr'>Sancto</span> 
     </span>
     <span class='ocr_line' id='line_1_23' title="bbox 140 2767 654 2847; baseline -0.008 -17"><span class='ocrx_word' id='word_1_215' title='bbox 140 2767 345 2847; x_wconf 88' lang='lat' dir='ltr'>suppeditatis.</span> <span class='ocrx_word' id='word_1_216' title='bbox 652 2830 654 2836; x_wconf 16' lang='lat' dir='ltr'><em>A</em></span> 
     </span>
    </p>

    <p class='ocr_par' dir='ltr' id='par_1_5' title="bbox 141 2864 1318 3676">
     <span class='ocr_line' id='line_1_24' title="bbox 225 2864 1317 2947; baseline 0.003 -18"><span class='ocrx_word' id='word_1_217' title='bbox 225 2871 310 2942; x_wconf 78' lang='lat' dir='ltr'>Quae</span> <span class='ocrx_word' id='word_1_218' title='bbox 337 2888 427 2946; x_wconf 93' lang='lat' dir='ltr'>quum</span> <span class='ocrx_word' id='word_1_219' title='bbox 445 2869 495 2929; x_wconf 84' lang='lat' dir='ltr'>ita</span> <span class='ocrx_word' id='word_1_220' title='bbox 522 2869 592 2947; x_wconf 90' lang='lat' dir='ltr'>sint,</span> <span class='ocrx_word' id='word_1_221' title='bbox 621 2864 714 2943; x_wconf 76' lang='grc' dir='ltr'>τύπος</span> <span class='ocrx_word' id='word_1_222' title='bbox 742 2869 813 2930; x_wconf 89' lang='lat' dir='ltr'>facti</span> <span class='ocrx_word' id='word_1_223' title='bbox 835 2877 903 2932; x_wconf 91' lang='lat' dir='ltr'>sunt</span> <span class='ocrx_word' id='word_1_224' title='bbox 925 2870 1205 2931; x_wconf 85' lang='lat' dir='ltr'>Thessalonicenses</span> <span class='ocrx_word' id='word_1_225' title='bbox 1227 2870 1317 2932; x_wconf 86' lang='grc' dir='ltr'>πᾶσιν</span> 
     </span>
     <span class='ocr_line' id='line_1_25' title="bbox 141 2967 1318 3061; baseline -0.003 -24"><span class='ocrx_word' id='word_1_226' title='bbox 141 2978 206 3048; x_wconf 78' lang='grc' dir='ltr'>τοῖς</span> <span class='ocrx_word' id='word_1_227' title='bbox 220 2969 404 3036; x_wconf 78' lang='grc' dir='ltr'>πιστεύουσιν</span> <span class='ocrx_word' id='word_1_228' title='bbox 419 2975 442 3051; x_wconf 89' lang='grc' dir='ltr'>Ι,</span> <span class='ocrx_word' id='word_1_229' title='bbox 462 2972 488 3050; x_wconf 89' lang='grc'>1,</span> <span class='ocrx_word' id='word_1_230' title='bbox 506 2974 534 3032; x_wconf 84' lang='grc'>7.</span> <span class='ocrx_word' id='word_1_231' title='bbox 580 2970 620 3035; x_wconf 78' lang='lat' dir='ltr'>Oi</span> <span class='ocrx_word' id='word_1_232' title='bbox 634 2968 822 3048; x_wconf 79' lang='grc' dir='ltr'>πιστεύοντες</span> <span class='ocrx_word' id='word_1_233' title='bbox 837 2980 905 3034; x_wconf 89' lang='lat' dir='ltr'>sunt</span> <span class='ocrx_word' id='word_1_234' title='bbox 924 2974 1089 3052; x_wconf 81' lang='lat' dir='ltr'>christiani3</span> <span class='ocrx_word' id='word_1_235' title='bbox 1120 2968 1155 3036; x_wconf 83' lang='grc' dir='ltr'>τὸ</span> <span class='ocrx_word' id='word_1_236' title='bbox 1171 2967 1318 3061; x_wconf 85' lang='grc' dir='ltr'>πιστεύειν</span> 
     </span>
     <span class='ocr_line' id='line_1_26' title="bbox 141 3076 1316 3155; baseline -0.003 -17"><span class='ocrx_word' id='word_1_237' title='bbox 141 3079 230 3155; x_wconf 87' lang='lat' dir='ltr'>igitur</span> <span class='ocrx_word' id='word_1_238' title='bbox 253 3077 362 3155; x_wconf 90' lang='lat' dir='ltr'>estid,</span> <span class='ocrx_word' id='word_1_239' title='bbox 395 3095 452 3153; x_wconf 90' lang='lat' dir='ltr'>quo</span> <span class='ocrx_word' id='word_1_240' title='bbox 476 3076 627 3136; x_wconf 90' lang='lat' dir='ltr'>christiani</span> <span class='ocrx_word' id='word_1_241' title='bbox 649 3082 878 3155; x_wconf 72' lang='lat' dir='ltr'>cognoscuntur,</span> <span class='ocrx_word' id='word_1_242' title='bbox 909 3078 966 3137; x_wconf 92' lang='lat' dir='ltr'>hac</span> <span class='ocrx_word' id='word_1_243' title='bbox 988 3097 1061 3138; x_wconf 89' lang='lat' dir='ltr'>voce</span> <span class='ocrx_word' id='word_1_244' title='bbox 1087 3077 1258 3137; x_wconf 87' lang='lat' dir='ltr'>brevissime</span> <span class='ocrx_word' id='word_1_245' title='bbox 1281 3077 1316 3137; x_wconf 92' lang='lat' dir='ltr'>si-</span> 
     </span>
     <span class='ocr_line' id='line_1_27' title="bbox 142 3179 1317 3258; baseline -0.001 -17"><span class='ocrx_word' id='word_1_246' title='bbox 142 3181 330 3258; x_wconf 87' lang='lat' dir='ltr'>gnificantur,</span> <span class='ocrx_word' id='word_1_247' title='bbox 348 3181 426 3240; x_wconf 90' lang='lat' dir='ltr'>unde</span> <span class='ocrx_word' id='word_1_248' title='bbox 445 3179 630 3257; x_wconf 85' lang='lat' dir='ltr'>intelligitur,</span> <span class='ocrx_word' id='word_1_249' title='bbox 643 3180 730 3240; x_wconf 88' lang='lat' dir='ltr'>fidem</span> <span class='ocrx_word' id='word_1_250' title='bbox 744 3179 822 3241; x_wconf 91' lang='lat' dir='ltr'>inter</span> <span class='ocrx_word' id='word_1_251' title='bbox 843 3186 902 3241; x_wconf 89' lang='lat' dir='ltr'>tres</span> <span class='ocrx_word' id='word_1_252' title='bbox 917 3181 983 3241; x_wconf 91' lang='lat' dir='ltr'>illas</span> <span class='ocrx_word' id='word_1_253' title='bbox 1003 3181 1126 3241; x_wconf 90' lang='lat' dir='ltr'>virtutes</span> <span class='ocrx_word' id='word_1_254' title='bbox 1142 3181 1317 3241; x_wconf 83' lang='lat' dir='ltr'>christianas</span> 
     </span>
     <span class='ocr_line' id='line_1_28' title="bbox 142 3283 1315 3362; baseline -0.003 -17"><span class='ocrx_word' id='word_1_255' title='bbox 142 3305 174 3346; x_wconf 90' lang='lat' dir='ltr'>rc</span> <span class='ocrx_word' id='word_1_256' title='bbox 203 3304 275 3345; x_wconf 88' lang='lat' dir='ltr'>vera</span> <span class='ocrx_word' id='word_1_257' title='bbox 306 3284 484 3359; x_wconf 88' lang='lat' dir='ltr'>singularem</span> <span class='ocrx_word' id='word_1_258' title='bbox 514 3284 609 3343; x_wconf 88' lang='lat' dir='ltr'>locum</span> <span class='ocrx_word' id='word_1_259' title='bbox 636 3283 778 3343; x_wconf 90' lang='lat' dir='ltr'>obtinere.</span> <span class='ocrx_word' id='word_1_260' title='bbox 825 3283 867 3344; x_wconf 79' lang='lat' dir='ltr'>uf.</span> <span class='ocrx_word' id='word_1_261' title='bbox 891 3286 914 3361; x_wconf 96' lang='grc' dir='ltr'>Ι,</span> <span class='ocrx_word' id='word_1_262' title='bbox 939 3286 967 3361; x_wconf 82' lang='lat'>2,</span> <span class='ocrx_word' id='word_1_263' title='bbox 994 3286 1042 3344; x_wconf 88' lang='lat'>10.</span> <span class='ocrx_word' id='word_1_264' title='bbox 1069 3287 1123 3362; x_wconf 79' lang='lat'>133</span> <span class='ocrx_word' id='word_1_265' title='bbox 1147 3286 1185 3362; x_wconf 92' lang='lat' dir='ltr'>II,</span> <span class='ocrx_word' id='word_1_266' title='bbox 1213 3286 1239 3361; x_wconf 95' lang='grc'>1,</span> <span class='ocrx_word' id='word_1_267' title='bbox 1267 3286 1315 3342; x_wconf 83' lang='lat' dir='ltr'>lo.</span> 
     </span>
     <span class='ocr_line' id='line_1_29' title="bbox 142 3387 1316 3465; baseline -0.001 -17"><span class='ocrx_word' id='word_1_268' title='bbox 142 3390 247 3464; x_wconf 89' lang='lat' dir='ltr'>Neque</span> <span class='ocrx_word' id='word_1_269' title='bbox 276 3388 361 3448; x_wconf 89' lang='lat' dir='ltr'>nimis</span> <span class='ocrx_word' id='word_1_270' title='bbox 392 3387 527 3448; x_wconf 87' lang='lat' dir='ltr'>celeriter</span> <span class='ocrx_word' id='word_1_271' title='bbox 557 3387 763 3463; x_wconf 83' lang='lat' dir='ltr'>concludemus</span> <span class='ocrx_word' id='word_1_272' title='bbox 795 3387 974 3465; x_wconf 86' lang='lat' dir='ltr'>cogitantes,</span> <span class='ocrx_word' id='word_1_273' title='bbox 1004 3407 1041 3448; x_wconf 91' lang='lat' dir='ltr'>nc</span> <span class='ocrx_word' id='word_1_274' title='bbox 1064 3388 1177 3448; x_wconf 91' lang='lat' dir='ltr'>initium</span> <span class='ocrx_word' id='word_1_275' title='bbox 1199 3387 1316 3462; x_wconf 91' lang='lat' dir='ltr'>quidem</span> 
     </span>
     <span class='ocr_line' id='line_1_30' title="bbox 142 3487 1318 3574; baseline -0.001 -22"><span class='ocrx_word' id='word_1_276' title='bbox 142 3490 213 3552; x_wconf 87' lang='lat' dir='ltr'>novi</span> <span class='ocrx_word' id='word_1_277' title='bbox 235 3491 458 3552; x_wconf 89' lang='lat' dir='ltr'>christianorum</span> <span class='ocrx_word' id='word_1_278' title='bbox 480 3495 575 3552; x_wconf 88' lang='lat' dir='ltr'>status</span> <span class='ocrx_word' id='word_1_279' title='bbox 598 3490 655 3551; x_wconf 94' lang='lat' dir='ltr'>alio</span> <span class='ocrx_word' id='word_1_280' title='bbox 679 3491 765 3551; x_wconf 90' lang='lat' dir='ltr'>modo</span> <span class='ocrx_word' id='word_1_281' title='bbox 780 3490 843 3550; x_wconf 91' lang='lat' dir='ltr'>fieri</span> <span class='ocrx_word' id='word_1_282' title='bbox 859 3509 946 3567; x_wconf 88' lang='lat' dir='ltr'>quam</span> <span class='ocrx_word' id='word_1_283' title='bbox 961 3492 1004 3574; x_wconf 85' lang='grc' dir='ltr'>τῷ</span> <span class='ocrx_word' id='word_1_284' title='bbox 1022 3487 1181 3567; x_wconf 90' lang='grc' dir='ltr'>πιστεύειν,</span> <span class='ocrx_word' id='word_1_285' title='bbox 1198 3490 1318 3551; x_wconf 90' lang='lat' dir='ltr'>utillud</span> 
     </span>
     <span class='ocr_line' id='line_1_31' title="bbox 143 3589 1318 3676; baseline -0.002 -19"><span class='ocrx_word' id='word_1_286' title='bbox 143 3590 294 3671; x_wconf 57' lang='lat' dir='ltr'>deficiebas</span> <span class='ocrx_word' id='word_1_287' title='bbox 308 3589 359 3657; x_wconf 86' lang='grc' dir='ltr'>τὸν</span> <span class='ocrx_word' id='word_1_288' title='bbox 374 3591 460 3676; x_wconf 82' lang='grc' dir='ltr'>λόγον</span> <span class='ocrx_word' id='word_1_289' title='bbox 471 3595 548 3655; x_wconf 90' lang='lat' dir='ltr'>idem</span> <span class='ocrx_word' id='word_1_290' title='bbox 563 3594 601 3656; x_wconf 93' lang='lat' dir='ltr'>sit</span> <span class='ocrx_word' id='word_1_291' title='bbox 616 3599 705 3670; x_wconf 84' lang='lat' dir='ltr'>atque</span> <span class='ocrx_word' id='word_1_292' title='bbox 720 3593 833 3654; x_wconf 91' lang='lat' dir='ltr'>initium</span> <span class='ocrx_word' id='word_1_293' title='bbox 845 3595 897 3656; x_wconf 86' lang='grc' dir='ltr'>τού</span> <span class='ocrx_word' id='word_1_294' title='bbox 911 3590 1067 3671; x_wconf 86' lang='grc' dir='ltr'>πιστεύειν,</span> <span class='ocrx_word' id='word_1_295' title='bbox 1084 3596 1133 3655; x_wconf 91' lang='lat' dir='ltr'>vel</span> <span class='ocrx_word' id='word_1_296' title='bbox 1147 3589 1224 3654; x_wconf 87' lang='lat' dir='ltr'>idern</span> <span class='ocrx_word' id='word_1_297' title='bbox 1239 3594 1318 3670; x_wconf 92' lang='lat' dir='ltr'>quod</span> 
     </span>
    </p>
   </div>
   <div class='ocr_carea' id='block_1_4' title="bbox 100 3813 1318 4403">
    <p class='ocr_par' dir='ltr' id='par_1_6' title="bbox 100 3813 1318 4403">
     <span class='ocr_line' id='line_1_32' title="bbox 230 3813 1318 3884; baseline -0.001 -14"><span class='ocrx_word' id='word_1_298' title='bbox 230 3816 250 3884; x_wconf 88' lang='lat'>¹)</span> <span class='ocrx_word' id='word_1_299' title='bbox 268 3815 329 3870; x_wconf 91' lang='lat' dir='ltr'>Hoc</span> <span class='ocrx_word' id='word_1_300' title='bbox 346 3815 406 3869; x_wconf 91' lang='lat' dir='ltr'>loco</span> <span class='ocrx_word' id='word_1_301' title='bbox 425 3813 499 3869; x_wconf 91' lang='lat' dir='ltr'>Deus</span> <span class='ocrx_word' id='word_1_302' title='bbox 518 3813 616 3869; x_wconf 88' lang='lat' dir='ltr'>dicitnr</span> <span class='ocrx_word' id='word_1_303' title='bbox 634 3813 748 3869; x_wconf 85' lang='lat' dir='ltr'>solvisse</span> <span class='ocrx_word' id='word_1_304' title='bbox 766 3831 816 3869; x_wconf 89' lang='lat' dir='ltr'>nos</span> <span class='ocrx_word' id='word_1_305' title='bbox 834 3815 938 3882; x_wconf 76' lang='grc' dir='ltr'>(εἵλατο)</span> <span class='ocrx_word' id='word_1_306' title='bbox 958 3814 1063 3868; x_wconf 88' lang='lat' dir='ltr'>duabus</span> <span class='ocrx_word' id='word_1_307' title='bbox 1081 3813 1164 3868; x_wconf 89' lang='lat' dir='ltr'>rebus</span> <span class='ocrx_word' id='word_1_308' title='bbox 1182 3814 1238 3869; x_wconf 85' lang='lat' dir='ltr'>sive</span> <span class='ocrx_word' id='word_1_309' title='bbox 1256 3832 1318 3870; x_wconf 91' lang='lat' dir='ltr'>con·</span> 
     </span>
     <span class='ocr_line' id='line_1_33' title="bbox 143 3897 1318 3972; baseline -0.003 -14"><span class='ocrx_word' id='word_1_310' title='bbox 143 3903 307 3959; x_wconf 84' lang='lat' dir='ltr'>dicionibus:</span> <span class='ocrx_word' id='word_1_311' title='bbox 333 3902 358 3957; x_wconf 82' lang='grc' dir='ltr'>ἐν</span> <span class='ocrx_word' id='word_1_312' title='bbox 376 3898 497 3972; x_wconf 82' lang='grc' dir='ltr'>ἁγιασμῷ</span> <span class='ocrx_word' id='word_1_313' title='bbox 515 3898 655 3970; x_wconf 86' lang='grc' dir='ltr'>πνεύματος</span> <span class='ocrx_word' id='word_1_314' title='bbox 672 3901 816 3956; x_wconf 71' lang='lat' dir='ltr'>salsiores</span> <span class='ocrx_word' id='word_1_315' title='bbox 834 3897 961 3969; x_wconf 58' lang='grc' dir='ltr'>ἀληθείας.</span> <span class='ocrx_word' id='word_1_316' title='bbox 997 3900 1072 3954; x_wconf 87' lang='lat' dir='ltr'>Deus</span> <span class='ocrx_word' id='word_1_317' title='bbox 1089 3900 1172 3968; x_wconf 89' lang='lat' dir='ltr'>igitur</span> <span class='ocrx_word' id='word_1_318' title='bbox 1184 3901 1318 3969; x_wconf 85' lang='lat' dir='ltr'>principa·</span> 
     </span>
     <span class='ocr_line' id='line_1_34' title="bbox 100 3980 1318 4058; baseline -0.003 -12"><span class='ocrx_word' id='word_1_319' title='bbox 100 3980 105 3985; x_wconf 71' lang='grc'><strong><em>’</em></strong></span> <span class='ocrx_word' id='word_1_320' title='bbox 141 3992 205 4046; x_wconf 86' lang='lat' dir='ltr'>liter</span> <span class='ocrx_word' id='word_1_321' title='bbox 222 3994 265 4045; x_wconf 88' lang='lat' dir='ltr'>est</span> <span class='ocrx_word' id='word_1_322' title='bbox 281 3990 320 4056; x_wconf 84' lang='lat' dir='ltr'>is,</span> <span class='ocrx_word' id='word_1_323' title='bbox 339 3988 385 4058; x_wconf 91' lang='lat' dir='ltr'>qui</span> <span class='ocrx_word' id='word_1_324' title='bbox 402 3987 472 4057; x_wconf 82' lang='lat' dir='ltr'>agit3</span> <span class='ocrx_word' id='word_1_325' title='bbox 500 3988 634 4055; x_wconf 89' lang='lat' dir='ltr'>quomodo</span> <span class='ocrx_word' id='word_1_326' title='bbox 652 4003 717 4043; x_wconf 82' lang='lat' dir='ltr'>vero</span> <span class='ocrx_word' id='word_1_327' title='bbox 734 3988 803 4044; x_wconf 86' lang='lat' dir='ltr'>fides</span> <span class='ocrx_word' id='word_1_328' title='bbox 822 4003 881 4041; x_wconf 93' lang='lat' dir='ltr'>cum</span> <span class='ocrx_word' id='word_1_329' title='bbox 899 3989 959 4042; x_wconf 89' lang='lat' dir='ltr'>Deo</span> <span class='ocrx_word' id='word_1_330' title='bbox 972 3986 1318 4054; x_wconf 85' lang='lat' dir='ltr'>cohaereat,ncndicitnr.</span> 
     </span>
     <span class='ocr_line' id='line_1_35' title="bbox 143 4069 1318 4144; baseline -0.005 -12"><span class='ocrx_word' id='word_1_331' title='bbox 143 4079 215 4132; x_wconf 88' lang='lat' dir='ltr'>Num</span> <span class='ocrx_word' id='word_1_332' title='bbox 239 4077 315 4128; x_wconf 78' lang='lat' dir='ltr'>Weiss</span> <span class='ocrx_word' id='word_1_333' title='bbox 332 4077 349 4130; x_wconf 86' lang='lat' dir='ltr'>l.</span> <span class='ocrx_word' id='word_1_334' title='bbox 367 4094 387 4128; x_wconf 84' lang='lat' dir='ltr'>c.</span> <span class='ocrx_word' id='word_1_335' title='bbox 402 4094 430 4141; x_wconf 87' lang='lat' dir='ltr'>p.</span> <span class='ocrx_word' id='word_1_336' title='bbox 449 4073 502 4124; x_wconf 83' lang='lat'>211</span> <span class='ocrx_word' id='word_1_337' title='bbox 519 4069 559 4143; x_wconf 76' lang='grc' dir='ltr'>ἀγ.</span> <span class='ocrx_word' id='word_1_338' title='bbox 575 4092 616 4128; x_wconf 85' lang='grc' dir='ltr'>τν.</span> <span class='ocrx_word' id='word_1_339' title='bbox 641 4076 703 4144; x_wconf 77' lang='lat' dir='ltr'>jure</span> <span class='ocrx_word' id='word_1_340' title='bbox 730 4074 893 4143; x_wconf 87' lang='lat' dir='ltr'>baptismum</span> <span class='ocrx_word' id='word_1_341' title='bbox 920 4089 980 4128; x_wconf 90' lang='grc' dir='ltr'>θεεθ</span> <span class='ocrx_word' id='word_1_342' title='bbox 1007 4072 1141 4141; x_wconf 87' lang='lat' dir='ltr'>declaret,</span> <span class='ocrx_word' id='word_1_343' title='bbox 1162 4072 1265 4127; x_wconf 87' lang='lat' dir='ltr'>dubito.</span> <span class='ocrx_word' id='word_1_344' title='bbox 1284 4102 1318 4113; x_wconf 89' lang='grc'>--</span> 
     </span>
     <span class='ocr_line' id='line_1_36' title="bbox 144 4159 1318 4231; baseline -0.002 -15"><span class='ocrx_word' id='word_1_345' title='bbox 144 4161 166 4231; x_wconf 79' lang='lat'>²)</span> <span class='ocrx_word' id='word_1_346' title='bbox 185 4162 228 4216; x_wconf 88' lang='lat' dir='ltr'>Ad</span> <span class='ocrx_word' id='word_1_347' title='bbox 246 4177 326 4230; x_wconf 88' lang='lat' dir='ltr'>quem</span> <span class='ocrx_word' id='word_1_348' title='bbox 343 4162 430 4216; x_wconf 89' lang='lat' dir='ltr'>locum</span> <span class='ocrx_word' id='word_1_349' title='bbox 450 4160 565 4212; x_wconf 77' lang='lat' dir='ltr'>Calvinus</span> <span class='ocrx_word' id='word_1_350' title='bbox 583 4159 686 4214; x_wconf 86' lang='lat' dir='ltr'>scribit:</span> <span class='ocrx_word' id='word_1_351' title='bbox 714 4162 804 4230; x_wconf 85' lang='lat' dir='ltr'>Atque</span> <span class='ocrx_word' id='word_1_352' title='bbox 816 4161 880 4215; x_wconf 90' lang='lat' dir='ltr'>hinc</span> <span class='ocrx_word' id='word_1_353' title='bbox 891 4159 989 4214; x_wconf 86' lang='lat' dir='ltr'>melius</span> <span class='ocrx_word' id='word_1_354' title='bbox 1001 4165 1118 4226; x_wconf 89' lang='lat' dir='ltr'>constat,</span> <span class='ocrx_word' id='word_1_355' title='bbox 1131 4175 1212 4228; x_wconf 84' lang='lat' dir='ltr'>qnam</span> <span class='ocrx_word' id='word_1_356' title='bbox 1223 4174 1318 4214; x_wconf 88' lang='lat' dir='ltr'>neces·</span> 
     </span>
     <span class='ocr_line' id='line_1_37' title="bbox 144 4244 1317 4317; baseline -0.002 -15"><span class='ocrx_word' id='word_1_357' title='bbox 144 4249 243 4302; x_wconf 88' lang='lat' dir='ltr'>sarium</span> <span class='ocrx_word' id='word_1_358' title='bbox 260 4248 297 4303; x_wconf 91' lang='lat' dir='ltr'>sit</span> <span class='ocrx_word' id='word_1_359' title='bbox 314 4248 442 4317; x_wconf 85' lang='lat' dir='ltr'>Spiritum</span> <span class='ocrx_word' id='word_1_360' title='bbox 460 4247 505 4301; x_wconf 92' lang='lat' dir='ltr'>hic</span> <span class='ocrx_word' id='word_1_361' title='bbox 522 4244 600 4301; x_wconf 87' lang='lat' dir='ltr'>nobis</span> <span class='ocrx_word' id='word_1_362' title='bbox 618 4246 746 4314; x_wconf 88' lang='lat' dir='ltr'>opitulari</span> <span class='ocrx_word' id='word_1_363' title='bbox 764 4287 770 4301; x_wconf 92' lang='lat'>.</span> <span class='ocrx_word' id='word_1_364' title='bbox 791 4289 796 4302; x_wconf 93' lang='lat'>.</span> <span class='ocrx_word' id='word_1_365' title='bbox 816 4247 900 4316; x_wconf 83' lang='lat' dir='ltr'>Atqui</span> <span class='ocrx_word' id='word_1_366' title='bbox 919 4246 987 4301; x_wconf 89' lang='lat' dir='ltr'>nihil</span> <span class='ocrx_word' id='word_1_367' title='bbox 1006 4246 1092 4315; x_wconf 83' lang='lat' dir='ltr'>magis</span> <span class='ocrx_word' id='word_1_368' title='bbox 1104 4246 1212 4315; x_wconf 87' lang='lat' dir='ltr'>ingenio</span> <span class='ocrx_word' id='word_1_369' title='bbox 1225 4250 1317 4301; x_wconf 88' lang='lat' dir='ltr'>nostro</span> 
     </span>
     <span class='ocr_line' id='line_1_38' title="bbox 144 4330 796 4403; baseline 0.003 -17"><span class='ocrx_word' id='word_1_370' title='bbox 144 4333 298 4403; x_wconf 85' lang='lat' dir='ltr'>adversum,</span> <span class='ocrx_word' id='word_1_371' title='bbox 316 4348 397 4402; x_wconf 84' lang='lat' dir='ltr'>qnam</span> <span class='ocrx_word' id='word_1_372' title='bbox 414 4333 442 4388; x_wconf 92' lang='lat' dir='ltr'>in</span> <span class='ocrx_word' id='word_1_373' title='bbox 460 4330 653 4389; x_wconf 85' lang='lat' dir='ltr'>afflictionibus</span> <span class='ocrx_word' id='word_1_374' title='bbox 669 4334 796 4401; x_wconf 84' lang='lat' dir='ltr'>gaudere.</span> 
     </span>
    </p>
   </div>
   <div class='ocr_carea' id='block_1_5' title="bbox 0 0 1536 4848">
    <p class='ocr_par' dir='ltr' id='par_1_7' title="bbox 0 0 1536 4848">
     <span class='ocr_line' id='line_1_39' title="bbox 0 0 1536 4848; baseline 0 0"><span class='ocrx_word' id='word_1_375' title='bbox 0 0 1536 4848; x_wconf 95' lang='lat' dir='ltr'> </span> 
     </span>
    </p>
   </div>
  </div>
 </body>
</html>
