<?xml version="1.0" encoding="UTF-8"?>
<!DOCTYPE html PUBLIC "-//W3C//DTD XHTML 1.0 Transitional//EN"
    "http://www.w3.org/TR/xhtml1/DTD/xhtml1-transitional.dtd">
<html xmlns="http://www.w3.org/1999/xhtml" xml:lang="en" lang="en">
 <head>
  <title>
</title>
<meta http-equiv="Content-Type" content="text/html;charset=utf-8" />
  <meta name='ocr-system' content='tesseract 3.04.00' />
  <meta name='ocr-capabilities' content='ocr_page ocr_carea ocr_par ocr_line ocrx_word'/>
</head>
<body>
  <div class='ocr_page' id='page_1' title='image "./defideinotionee01schngoog_0037.png"; bbox 0 0 3050 4848; ppageno 0'>
   <div class='ocr_carea' id='block_1_1' title="bbox 149 243 1382 2167">
    <p class='ocr_par' dir='ltr' id='par_1_1' title="bbox 149 243 1382 2167">
     <span class='ocr_line' id='line_1_1' title="bbox 684 243 896 305; baseline -0.009 -16"><span class='ocrx_word' id='word_1_1' title='bbox 684 275 725 289; x_wconf 86' lang='grc'>..</span> <span class='ocrx_word' id='word_1_2' title='bbox 770 243 811 305; x_wconf 78' lang='lat'>24</span> <span class='ocrx_word' id='word_1_3' title='bbox 853 274 896 287; x_wconf 75' lang='grc'>.-</span> 
     </span>
     <span class='ocr_line' id='line_1_2' title="bbox 1093 340 1204 379; baseline 0 -18"><span class='ocrx_word' id='word_1_4' title='bbox 1093 344 1106 379; x_wconf 83' lang='grc'><strong><em>,</em></strong></span> <span class='ocrx_word' id='word_1_5' title='bbox 1202 340 1204 361; x_wconf 87' lang='lat'><em>.</em></span> 
     </span>
     <span class='ocr_line' id='line_1_3' title="bbox 205 413 1378 490; baseline 0.002 -18"><span class='ocrx_word' id='word_1_6' title='bbox 205 413 311 488; x_wconf 77' lang='lat' dir='ltr'>sciunt,</span> <span class='ocrx_word' id='word_1_7' title='bbox 342 417 438 472; x_wconf 85' lang='lat' dir='ltr'>tamen</span> <span class='ocrx_word' id='word_1_8' title='bbox 467 428 525 472; x_wconf 89' lang='lat' dir='ltr'>non</span> <span class='ocrx_word' id='word_1_9' title='bbox 551 417 617 471; x_wconf 89' lang='lat' dir='ltr'>suut</span> <span class='ocrx_word' id='word_1_10' title='bbox 642 413 677 487; x_wconf 92' lang='lat' dir='ltr'>ii,</span> <span class='ocrx_word' id='word_1_11' title='bbox 707 414 756 487; x_wconf 90' lang='lat' dir='ltr'>qui</span> <span class='ocrx_word' id='word_1_12' title='bbox 786 429 850 482; x_wconf 79' lang='lat' dir='ltr'>eam</span> <span class='ocrx_word' id='word_1_13' title='bbox 877 418 1067 474; x_wconf 85' lang='lat' dir='ltr'>contemnant</span> <span class='ocrx_word' id='word_1_14' title='bbox 1106 417 1212 490; x_wconf 76' lang='lat' dir='ltr'>&#39;Igitur</span> <span class='ocrx_word' id='word_1_15' title='bbox 1238 432 1275 475; x_wconf 90' lang='lat' dir='ltr'>ue</span> <span class='ocrx_word' id='word_1_16' title='bbox 1303 416 1378 474; x_wconf 87' lang='lat' dir='ltr'>baec</span> 
     </span>
     <span class='ocr_line' id='line_1_4' title="bbox 206 516 1379 593; baseline 0.001 -18"><span class='ocrx_word' id='word_1_17' title='bbox 206 516 320 592; x_wconf 85' lang='lat' dir='ltr'>quidem</span> <span class='ocrx_word' id='word_1_18' title='bbox 340 517 452 589; x_wconf 88' lang='lat' dir='ltr'>justitia</span> <span class='ocrx_word' id='word_1_19' title='bbox 473 517 603 575; x_wconf 81' lang='lat' dir='ltr'>consistit</span> <span class='ocrx_word' id='word_1_20' title='bbox 631 517 725 591; x_wconf 90' lang='lat' dir='ltr'>primo</span> <span class='ocrx_word' id='word_1_21' title='bbox 752 517 817 576; x_wconf 90' lang='lat' dir='ltr'>loco</span> <span class='ocrx_word' id='word_1_22' title='bbox 839 518 868 576; x_wconf 90' lang='lat' dir='ltr'>in</span> <span class='ocrx_word' id='word_1_23' title='bbox 890 518 990 578; x_wconf 86' lang='lat' dir='ltr'>babitu</span> <span class='ocrx_word' id='word_1_24' title='bbox 1012 519 1135 593; x_wconf 88' lang='lat' dir='ltr'>quodam</span> <span class='ocrx_word' id='word_1_25' title='bbox 1157 520 1258 578; x_wconf 80' lang='lat' dir='ltr'>morali</span> <span class='ocrx_word' id='word_1_26' title='bbox 1280 519 1326 578; x_wconf 90' lang='lat' dir='ltr'>vel</span> <span class='ocrx_word' id='word_1_27' title='bbox 1347 520 1379 577; x_wconf 89' lang='lat' dir='ltr'>in</span> 
     </span>
     <span class='ocr_line' id='line_1_5' title="bbox 203 619 1379 698; baseline 0 -18"><span class='ocrx_word' id='word_1_28' title='bbox 203 621 286 680; x_wconf 90' lang='lat' dir='ltr'>bonis</span> <span class='ocrx_word' id='word_1_29' title='bbox 308 619 435 679; x_wconf 90' lang='lat' dir='ltr'>moribus</span> <span class='ocrx_word' id='word_1_30' title='bbox 456 623 486 678; x_wconf 88' lang='lat' dir='ltr'>et</span> <span class='ocrx_word' id='word_1_31' title='bbox 508 620 632 679; x_wconf 88' lang='lat' dir='ltr'>motibus</span> <span class='ocrx_word' id='word_1_32' title='bbox 654 620 776 696; x_wconf 87' lang='lat' dir='ltr'>bominis</span> <span class='ocrx_word' id='word_1_33' title='bbox 799 638 852 696; x_wconf 89' lang='lat' dir='ltr'>per</span> <span class='ocrx_word' id='word_1_34' title='bbox 879 638 923 698; x_wconf 87' lang='lat' dir='ltr'>sc,</span> <span class='ocrx_word' id='word_1_35' title='bbox 951 622 1002 682; x_wconf 88' lang='lat' dir='ltr'>scd</span> <span class='ocrx_word' id='word_1_36' title='bbox 1030 629 1074 682; x_wconf 90' lang='lat' dir='ltr'>est</span> <span class='ocrx_word' id='word_1_37' title='bbox 1099 624 1128 681; x_wconf 91' lang='lat' dir='ltr'>iu</span> <span class='ocrx_word' id='word_1_38' title='bbox 1155 627 1232 681; x_wconf 88' lang='lat' dir='ltr'>statu</span> <span class='ocrx_word' id='word_1_39' title='bbox 1259 624 1319 695; x_wconf 87' lang='lat' dir='ltr'>ejus</span> <span class='ocrx_word' id='word_1_40' title='bbox 1348 628 1379 680; x_wconf 88' lang='lat' dir='ltr'>et</span> 
     </span>
     <span class='ocr_line' id='line_1_6' title="bbox 204 721 1378 806; baseline 0 -23"><span class='ocrx_word' id='word_1_41' title='bbox 204 724 346 784; x_wconf 81' lang='lat' dir='ltr'>relatione</span> <span class='ocrx_word' id='word_1_42' title='bbox 369 739 453 798; x_wconf 87' lang='lat' dir='ltr'>quam</span> <span class='ocrx_word' id='word_1_43' title='bbox 474 723 562 783; x_wconf 90' lang='lat' dir='ltr'>babet</span> <span class='ocrx_word' id='word_1_44' title='bbox 584 740 648 782; x_wconf 89' lang='lat' dir='ltr'>cum</span> <span class='ocrx_word' id='word_1_45' title='bbox 666 724 732 783; x_wconf 87' lang='lat' dir='ltr'>aliis</span> <span class='ocrx_word' id='word_1_46' title='bbox 747 724 917 784; x_wconf 81' lang='lat' dir='ltr'>bominibus,</span> <span class='ocrx_word' id='word_1_47' title='bbox 942 726 1050 785; x_wconf 82' lang='lat' dir='ltr'>&#39;Justus</span> <span class='ocrx_word' id='word_1_48' title='bbox 1072 721 1188 800; x_wconf 82' lang='grc' dir='ltr'>δίκαιος</span> <span class='ocrx_word' id='word_1_49' title='bbox 1210 730 1254 785; x_wconf 86' lang='lat' dir='ltr'>est</span> <span class='ocrx_word' id='word_1_50' title='bbox 1274 727 1378 806; x_wconf 28' lang='lat' dir='ltr'>is,¹qui</span> 
     </span>
     <span class='ocr_line' id='line_1_7' title="bbox 204 808 1378 907; baseline -0.002 -19"><span class='ocrx_word' id='word_1_51' title='bbox 204 845 268 888; x_wconf 90' lang='lat' dir='ltr'>eam</span> <span class='ocrx_word' id='word_1_52' title='bbox 298 828 408 888; x_wconf 91' lang='lat' dir='ltr'>obtinet</span> <span class='ocrx_word' id='word_1_53' title='bbox 438 844 508 907; x_wconf 82' lang='lat' dir='ltr'>erga</span> <span class='ocrx_word' id='word_1_54' title='bbox 538 832 650 888; x_wconf 87' lang='lat' dir='ltr'>ceteros</span> <span class='ocrx_word' id='word_1_55' title='bbox 682 828 890 900; x_wconf 86' lang='lat' dir='ltr'>condicionem,</span> <span class='ocrx_word' id='word_1_56' title='bbox 922 846 1007 903; x_wconf 89' lang='lat' dir='ltr'>quam</span> <span class='ocrx_word' id='word_1_57' title='bbox 1035 808 1157 904; x_wconf 80' lang='lat' dir='ltr'>oportet.</span> <span class='ocrx_word' id='word_1_58' title='bbox 1209 829 1274 887; x_wconf 89' lang='lat' dir='ltr'>Hoc</span> <span class='ocrx_word' id='word_1_59' title='bbox 1303 830 1378 887; x_wconf 90' lang='lat' dir='ltr'>enim</span> 
     </span>
     <span class='ocr_line' id='line_1_8' title="bbox 204 928 1377 1013; baseline 0 -21"><span class='ocrx_word' id='word_1_60' title='bbox 204 937 284 992; x_wconf 84' lang='lat' dir='ltr'>certe</span> <span class='ocrx_word' id='word_1_61' title='bbox 310 933 387 992; x_wconf 88' lang='lat' dir='ltr'>inest</span> <span class='ocrx_word' id='word_1_62' title='bbox 415 937 445 990; x_wconf 92' lang='lat' dir='ltr'>et</span> <span class='ocrx_word' id='word_1_63' title='bbox 471 933 500 990; x_wconf 92' lang='lat' dir='ltr'>in</span> <span class='ocrx_word' id='word_1_64' title='bbox 525 930 653 991; x_wconf 89' lang='lat' dir='ltr'>hebraeo</span> <span class='ocrx_word' id='word_1_65' title='bbox 683 943 747 1012; x_wconf 66' lang='lat' dir='ltr'>aaut</span> <span class='ocrx_word' id='word_1_66' title='bbox 778 936 913 1007; x_wconf 82' lang='lat' dir='ltr'>„rectum</span> <span class='ocrx_word' id='word_1_67' title='bbox 940 936 1025 991; x_wconf 87' lang='lat' dir='ltr'>esse“</span> <span class='ocrx_word' id='word_1_68' title='bbox 1052 934 1139 993; x_wconf 89' lang='lat' dir='ltr'>etin</span> <span class='ocrx_word' id='word_1_69' title='bbox 1165 949 1271 1007; x_wconf 80' lang='lat' dir='ltr'>graeco</span> <span class='ocrx_word' id='word_1_70' title='bbox 1299 928 1377 1013; x_wconf 78' lang='grc' dir='ltr'>δίκη,</span> 
     </span>
     <span class='ocr_line' id='line_1_9' title="bbox 149 1022 1378 1117; baseline -0.002 -22"><span class='ocrx_word' id='word_1_71' title='bbox 149 1110 151 1117; x_wconf 18' lang='grc' dir='ltr'><strong><em>Α</em></strong></span> <span class='ocrx_word' id='word_1_72' title='bbox 203 1053 331 1096; x_wconf 86' lang='lat' dir='ltr'>normam</span> <span class='ocrx_word' id='word_1_73' title='bbox 358 1036 481 1109; x_wconf 81' lang='lat' dir='ltr'>aliquam</span> <span class='ocrx_word' id='word_1_74' title='bbox 508 1051 565 1094; x_wconf 92' lang='lat' dir='ltr'>non</span> <span class='ocrx_word' id='word_1_75' title='bbox 590 1035 757 1110; x_wconf 80' lang='lat' dir='ltr'>supercedi,</span> <span class='ocrx_word' id='word_1_76' title='bbox 785 1034 837 1095; x_wconf 91' lang='lat' dir='ltr'>sed</span> <span class='ocrx_word' id='word_1_77' title='bbox 863 1036 1012 1096; x_wconf 88' lang='lat' dir='ltr'>observari</span> <span class='ocrx_word' id='word_1_78' title='bbox 1038 1041 1067 1095; x_wconf 92' lang='lat' dir='ltr'>et</span> <span class='ocrx_word' id='word_1_79' title='bbox 1093 1022 1215 1110; x_wconf 91' lang='lat' dir='ltr'>impleri.</span> <span class='ocrx_word' id='word_1_80' title='bbox 1271 1035 1378 1107; x_wconf 78' lang='lat' dir='ltr'>Quodsi</span> 
     </span>
     <span class='ocr_line' id='line_1_10' title="bbox 204 1139 1379 1215; baseline -0.002 -15"><span class='ocrx_word' id='word_1_81' title='bbox 204 1142 266 1215; x_wconf 87' lang='lat' dir='ltr'>quis</span> <span class='ocrx_word' id='word_1_82' title='bbox 293 1140 368 1199; x_wconf 88' lang='lat' dir='ltr'>bano</span> <span class='ocrx_word' id='word_1_83' title='bbox 393 1155 523 1198; x_wconf 90' lang='lat' dir='ltr'>normam</span> <span class='ocrx_word' id='word_1_84' title='bbox 550 1139 770 1214; x_wconf 81' lang='lat' dir='ltr'>transgreditur,</span> <span class='ocrx_word' id='word_1_85' title='bbox 797 1139 826 1198; x_wconf 91' lang='lat' dir='ltr'>in</span> <span class='ocrx_word' id='word_1_86' title='bbox 853 1154 884 1199; x_wconf 88' lang='lat' dir='ltr'>se</span> <span class='ocrx_word' id='word_1_87' title='bbox 910 1140 972 1214; x_wconf 92' lang='lat' dir='ltr'>ipso</span> <span class='ocrx_word' id='word_1_88' title='bbox 998 1141 1088 1199; x_wconf 89' lang='lat' dir='ltr'>malus</span> <span class='ocrx_word' id='word_1_89' title='bbox 1116 1145 1177 1215; x_wconf 68' lang='lat' dir='ltr'>est,</span> <span class='ocrx_word' id='word_1_90' title='bbox 1207 1139 1283 1213; x_wconf 92' lang='lat' dir='ltr'>quod</span> <span class='ocrx_word' id='word_1_91' title='bbox 1310 1155 1379 1198; x_wconf 85' lang='lat' dir='ltr'>vero</span> 
     </span>
     <span class='ocr_line' id='line_1_11' title="bbox 203 1242 1380 1327; baseline -0.003 -24"><span class='ocrx_word' id='word_1_92' title='bbox 203 1243 241 1303; x_wconf 85' lang='lat' dir='ltr'>ad</span> <span class='ocrx_word' id='word_1_93' title='bbox 263 1245 336 1303; x_wconf 91' lang='lat' dir='ltr'>alios</span> <span class='ocrx_word' id='word_1_94' title='bbox 358 1243 465 1303; x_wconf 81' lang='lat' dir='ltr'>attinet</span> <span class='ocrx_word' id='word_1_95' title='bbox 486 1243 628 1327; x_wconf 64' lang='lat' dir='ltr'>honines,</span> <span class='ocrx_word' id='word_1_96' title='bbox 655 1243 791 1317; x_wconf 88' lang='lat' dir='ltr'>injustus,</span> <span class='ocrx_word' id='word_1_97' title='bbox 818 1243 896 1302; x_wconf 89' lang='lat' dir='ltr'>illam</span> <span class='ocrx_word' id='word_1_98' title='bbox 919 1242 1115 1304; x_wconf 86' lang='lat' dir='ltr'>condicionem</span> <span class='ocrx_word' id='word_1_99' title='bbox 1138 1244 1272 1303; x_wconf 88' lang='lat' dir='ltr'>amittens</span> <span class='ocrx_word' id='word_1_100' title='bbox 1295 1259 1380 1316; x_wconf 90' lang='lat' dir='ltr'>quam</span> 
     </span>
     <span class='ocr_line' id='line_1_12' title="bbox 202 1345 1380 1422; baseline -0.002 -14"><span class='ocrx_word' id='word_1_101' title='bbox 202 1351 319 1422; x_wconf 86' lang='lat' dir='ltr'>oportet</span> <span class='ocrx_word' id='word_1_102' title='bbox 346 1347 462 1408; x_wconf 90' lang='lat' dir='ltr'>babere.</span> <span class='ocrx_word' id='word_1_103' title='bbox 515 1345 598 1406; x_wconf 90' lang='lat' dir='ltr'>Unde</span> <span class='ocrx_word' id='word_1_104' title='bbox 628 1347 722 1422; x_wconf 91' lang='lat' dir='ltr'>primo</span> <span class='ocrx_word' id='word_1_105' title='bbox 753 1348 862 1421; x_wconf 85' lang='lat' dir='ltr'>evenit,</span> <span class='ocrx_word' id='word_1_106' title='bbox 892 1351 923 1405; x_wconf 92' lang='lat' dir='ltr'>ut</span> <span class='ocrx_word' id='word_1_107' title='bbox 944 1348 1008 1421; x_wconf 83' lang='lat' dir='ltr'>loge</span> <span class='ocrx_word' id='word_1_108' title='bbox 1032 1347 1137 1407; x_wconf 83' lang='lat' dir='ltr'>violata</span> <span class='ocrx_word' id='word_1_109' title='bbox 1158 1349 1221 1421; x_wconf 84' lang='lat' dir='ltr'>lege</span> <span class='ocrx_word' id='word_1_110' title='bbox 1243 1347 1380 1421; x_wconf 83' lang='lat' dir='ltr'>puniatur</span> 
     </span>
     <span class='ocr_line' id='line_1_13' title="bbox 203 1449 1380 1528; baseline -0.002 -17"><span class='ocrx_word' id='word_1_111' title='bbox 203 1451 247 1512; x_wconf 90' lang='lat' dir='ltr'>vel</span> <span class='ocrx_word' id='word_1_112' title='bbox 265 1453 333 1525; x_wconf 89' lang='lat' dir='ltr'>jure</span> <span class='ocrx_word' id='word_1_113' title='bbox 354 1452 465 1510; x_wconf 47' lang='lat' dir='ltr'>violato*</span> <span class='ocrx_word' id='word_1_114' title='bbox 481 1451 604 1524; x_wconf 89' lang='lat' dir='ltr'>injustus</span> <span class='ocrx_word' id='word_1_115' title='bbox 619 1450 682 1510; x_wconf 91' lang='lat' dir='ltr'>fiat:</span> <span class='ocrx_word' id='word_1_116' title='bbox 706 1452 760 1510; x_wconf 90' lang='lat' dir='ltr'>etsi</span> <span class='ocrx_word' id='word_1_117' title='bbox 776 1449 898 1511; x_wconf 87' lang='lat' dir='ltr'>fortasse</span> <span class='ocrx_word' id='word_1_118' title='bbox 914 1468 972 1510; x_wconf 92' lang='lat' dir='ltr'>non</span> <span class='ocrx_word' id='word_1_119' title='bbox 986 1453 1113 1528; x_wconf 89' lang='lat' dir='ltr'>punitur,</span> <span class='ocrx_word' id='word_1_120' title='bbox 1129 1456 1225 1510; x_wconf 88' lang='lat' dir='ltr'>tamen</span> <span class='ocrx_word' id='word_1_121' title='bbox 1240 1452 1270 1510; x_wconf 91' lang='lat' dir='ltr'>in</span> <span class='ocrx_word' id='word_1_122' title='bbox 1285 1468 1321 1510; x_wconf 91' lang='lat' dir='ltr'>ea</span> <span class='ocrx_word' id='word_1_123' title='bbox 1335 1454 1380 1510; x_wconf 89' lang='lat' dir='ltr'>est</span> 
     </span>
     <span class='ocr_line' id='line_1_14' title="bbox 202 1553 1380 1630; baseline 0 -14"><span class='ocrx_word' id='word_1_124' title='bbox 202 1554 358 1629; x_wconf 86' lang='lat' dir='ltr'>relatione,</span> <span class='ocrx_word' id='word_1_125' title='bbox 385 1556 410 1613; x_wconf 88' lang='lat' dir='ltr'>si</span> <span class='ocrx_word' id='word_1_126' title='bbox 432 1555 524 1629; x_wconf 79' lang='lat' dir='ltr'>legem</span> <span class='ocrx_word' id='word_1_127' title='bbox 547 1555 728 1629; x_wconf 80' lang='lat' dir='ltr'>respicimus,</span> <span class='ocrx_word' id='word_1_128' title='bbox 750 1559 783 1614; x_wconf 90' lang='lat' dir='ltr'>ut</span> <span class='ocrx_word' id='word_1_129' title='bbox 804 1556 851 1613; x_wconf 86' lang='lat' dir='ltr'>lex</span> <span class='ocrx_word' id='word_1_130' title='bbox 873 1572 938 1614; x_wconf 88' lang='lat' dir='ltr'>eum</span> <span class='ocrx_word' id='word_1_131' title='bbox 960 1554 1065 1614; x_wconf 86' lang='lat' dir='ltr'>debeat</span> <span class='ocrx_word' id='word_1_132' title='bbox 1086 1556 1201 1630; x_wconf 89' lang='lat' dir='ltr'>punire,</span> <span class='ocrx_word' id='word_1_133' title='bbox 1224 1554 1259 1613; x_wconf 89' lang='lat' dir='ltr'>cl.</span> <span class='ocrx_word' id='word_1_134' title='bbox 1274 1555 1296 1614; x_wconf 90' lang='lat' dir='ltr'>l.</span> <span class='ocrx_word' id='word_1_135' title='bbox 1312 1553 1380 1616; x_wconf 80' lang='lat' dir='ltr'>Gor.</span> 
     </span>
     <span class='ocr_line' id='line_1_15' title="bbox 205 1652 1382 1739; baseline -0.003 -19"><span class='ocrx_word' id='word_1_136' title='bbox 205 1661 253 1733; x_wconf 91' lang='lat'>11,</span> <span class='ocrx_word' id='word_1_137' title='bbox 276 1659 331 1720; x_wconf 73' lang='lat'>27:</span> <span class='ocrx_word' id='word_1_138' title='bbox 354 1652 464 1739; x_wconf 78' lang='grc' dir='ltr'>ἔνοχος.</span> <span class='ocrx_word' id='word_1_139' title='bbox 498 1658 568 1718; x_wconf 89' lang='lat' dir='ltr'>Inde</span> <span class='ocrx_word' id='word_1_140' title='bbox 591 1659 766 1733; x_wconf 88' lang='lat' dir='ltr'>perspicitur</span> <span class='ocrx_word' id='word_1_141' title='bbox 778 1654 804 1737; x_wconf 88' lang='grc'>1)</span> <span class='ocrx_word' id='word_1_142' title='bbox 831 1659 979 1718; x_wconf 90' lang='lat' dir='ltr'>notionem</span> <span class='ocrx_word' id='word_1_143' title='bbox 998 1659 1129 1729; x_wconf 88' lang='lat' dir='ltr'>justitiae</span> <span class='ocrx_word' id='word_1_144' title='bbox 1150 1660 1292 1719; x_wconf 88' lang='lat' dir='ltr'>humanae</span> <span class='ocrx_word' id='word_1_145' title='bbox 1316 1674 1382 1716; x_wconf 84' lang='lat' dir='ltr'>essa</span> 
     </span>
     <span class='ocr_line' id='line_1_16' title="bbox 202 1760 1382 1836; baseline -0.004 -13"><span class='ocrx_word' id='word_1_146' title='bbox 202 1760 349 1823; x_wconf 87' lang='lat' dir='ltr'>notionem</span> <span class='ocrx_word' id='word_1_147' title='bbox 368 1762 532 1835; x_wconf 84' lang='lat' dir='ltr'>juridicam.</span> <span class='ocrx_word' id='word_1_148' title='bbox 578 1760 710 1821; x_wconf 88' lang='lat' dir='ltr'>Secundo</span> <span class='ocrx_word' id='word_1_149' title='bbox 737 1760 850 1821; x_wconf 89' lang='lat' dir='ltr'>demum</span> <span class='ocrx_word' id='word_1_150' title='bbox 873 1762 937 1821; x_wconf 92' lang='lat' dir='ltr'>loco</span> <span class='ocrx_word' id='word_1_151' title='bbox 960 1763 1125 1836; x_wconf 85' lang='lat' dir='ltr'>respicitur,</span> <span class='ocrx_word' id='word_1_152' title='bbox 1148 1763 1236 1822; x_wconf 89' lang='lat' dir='ltr'>statui</span> <span class='ocrx_word' id='word_1_153' title='bbox 1255 1760 1382 1834; x_wconf 88' lang='lat' dir='ltr'>juridico</span> 
     </span>
     <span class='ocr_line' id='line_1_17' title="bbox 202 1864 1381 1941; baseline -0.003 -15"><span class='ocrx_word' id='word_1_154' title='bbox 202 1867 249 1926; x_wconf 86' lang='lat' dir='ltr'>rel</span> <span class='ocrx_word' id='word_1_155' title='bbox 279 1866 421 1940; x_wconf 88' lang='lat' dir='ltr'>objectivo</span> <span class='ocrx_word' id='word_1_156' title='bbox 452 1866 628 1939; x_wconf 87' lang='lat' dir='ltr'>respondere</span> <span class='ocrx_word' id='word_1_157' title='bbox 661 1864 790 1924; x_wconf 89' lang='lat' dir='ltr'>habitum</span> <span class='ocrx_word' id='word_1_158' title='bbox 823 1865 966 1939; x_wconf 88' lang='lat' dir='ltr'>quendam</span> <span class='ocrx_word' id='word_1_159' title='bbox 997 1867 1151 1941; x_wconf 86' lang='lat' dir='ltr'>moralem,</span> <span class='ocrx_word' id='word_1_160' title='bbox 1185 1871 1218 1925; x_wconf 91' lang='lat' dir='ltr'>ut</span> <span class='ocrx_word' id='word_1_161' title='bbox 1252 1864 1381 1938; x_wconf 86' lang='lat' dir='ltr'>accedat,</span> 
     </span>
     <span class='ocr_line' id='line_1_18' title="bbox 164 1965 1378 2048; baseline -0.002 -18"><span class='ocrx_word' id='word_1_162' title='bbox 164 1965 172 1987; x_wconf 82' lang='lat'><strong><em>‘</em></strong></span> <span class='ocrx_word' id='word_1_163' title='bbox 200 1973 308 2045; x_wconf 89' lang='lat' dir='ltr'>justum</span> <span class='ocrx_word' id='word_1_164' title='bbox 331 1986 473 2029; x_wconf 85' lang='lat' dir='ltr'>essenon</span> <span class='ocrx_word' id='word_1_165' title='bbox 496 1970 586 2048; x_wconf 80' lang='lat' dir='ltr'>solum</span> <span class='ocrx_word' id='word_1_166' title='bbox 610 1985 686 2040; x_wconf 89' lang='lat' dir='ltr'>eum,</span> <span class='ocrx_word' id='word_1_167' title='bbox 710 1969 842 2044; x_wconf 84' lang='lat' dir='ltr'>quilege</span> <span class='ocrx_word' id='word_1_168' title='bbox 865 1985 922 2028; x_wconf 92' lang='lat' dir='ltr'>uon</span> <span class='ocrx_word' id='word_1_169' title='bbox 944 1970 1092 2043; x_wconf 89' lang='lat' dir='ltr'>puniatur,</span> <span class='ocrx_word' id='word_1_170' title='bbox 1122 1970 1171 2031; x_wconf 92' lang='lat' dir='ltr'>sed</span> <span class='ocrx_word' id='word_1_171' title='bbox 1194 1987 1259 2031; x_wconf 90' lang='lat' dir='ltr'>eum</span> <span class='ocrx_word' id='word_1_172' title='bbox 1282 1969 1378 2043; x_wconf 86' lang='lat' dir='ltr'>etiam,</span> 
     </span>
     <span class='ocr_line' id='line_1_19' title="bbox 205 2073 1380 2167; baseline -0.003 -33"><span class='ocrx_word' id='word_1_173' title='bbox 205 2074 253 2149; x_wconf 91' lang='lat' dir='ltr'>qui</span> <span class='ocrx_word' id='word_1_174' title='bbox 273 2092 310 2135; x_wconf 90' lang='lat' dir='ltr'>ne</span> <span class='ocrx_word' id='word_1_175' title='bbox 331 2074 482 2137; x_wconf 87' lang='lat' dir='ltr'>violaverit</span> <span class='ocrx_word' id='word_1_176' title='bbox 504 2073 619 2146; x_wconf 89' lang='lat' dir='ltr'>quidem</span> <span class='ocrx_word' id='word_1_177' title='bbox 646 2073 747 2167; x_wconf 82' lang='lat' dir='ltr'>legem.</span> <span class='ocrx_word' id='word_1_178' title='bbox 799 2073 882 2131; x_wconf 90' lang='lat' dir='ltr'>Duae</span> <span class='ocrx_word' id='word_1_179' title='bbox 909 2073 998 2146; x_wconf 82' lang='lat' dir='ltr'>igitur</span> <span class='ocrx_word' id='word_1_180' title='bbox 1023 2078 1122 2147; x_wconf 88' lang='lat' dir='ltr'>partes</span> <span class='ocrx_word' id='word_1_181' title='bbox 1149 2078 1215 2133; x_wconf 89' lang='lat' dir='ltr'>suut</span> <span class='ocrx_word' id='word_1_182' title='bbox 1238 2073 1380 2147; x_wconf 81' lang='lat' dir='ltr'>just’tiae:</span> 
     </span>
    </p>
   </div>
   <div class='ocr_carea' id='block_1_2' title="bbox 203 2175 1474 2256">
    <p class='ocr_par' dir='ltr' id='par_1_2' title="bbox 203 2175 1474 2256">
     <span class='ocr_line' id='line_1_20' title="bbox 203 2175 1474 2256; baseline -0.003 -17"><span class='ocrx_word' id='word_1_183' title='bbox 203 2180 299 2255; x_wconf 87' lang='lat' dir='ltr'>prima</span> <span class='ocrx_word' id='word_1_184' title='bbox 313 2183 344 2238; x_wconf 90' lang='lat' dir='ltr'>et</span> <span class='ocrx_word' id='word_1_185' title='bbox 361 2178 530 2254; x_wconf 83' lang='lat' dir='ltr'>gravissima</span> <span class='ocrx_word' id='word_1_186' title='bbox 546 2176 691 2248; x_wconf 87' lang='lat' dir='ltr'>objectiva</span> <span class='ocrx_word' id='word_1_187' title='bbox 708 2183 738 2236; x_wconf 86' lang='lat' dir='ltr'>et</span> <span class='ocrx_word' id='word_1_188' title='bbox 753 2176 891 2249; x_wconf 88' lang='lat' dir='ltr'>juridica,</span> <span class='ocrx_word' id='word_1_189' title='bbox 914 2177 1040 2236; x_wconf 90' lang='lat' dir='ltr'>secunda</span> <span class='ocrx_word' id='word_1_190' title='bbox 1061 2177 1230 2251; x_wconf 85' lang='lat' dir='ltr'>subjectiva.</span> <span class='ocrx_word' id='word_1_191' title='bbox 1242 2175 1267 2256; x_wconf 66' lang='grc'>2)</span> <span class='ocrx_word' id='word_1_192' title='bbox 1302 2177 1380 2249; x_wconf 82' lang='lat' dir='ltr'>Quae</span> <span class='ocrx_word' id='word_1_193' title='bbox 1472 2217 1474 2223; x_wconf 85' lang='lat'><em>·</em></span> 
     </span>
    </p>
   </div>
   <div class='ocr_carea' id='block_1_3' title="bbox 200 2280 1383 3505">
    <p class='ocr_par' dir='ltr' id='par_1_3' title="bbox 202 2280 1382 2460">
     <span class='ocr_line' id='line_1_21' title="bbox 203 2280 1382 2357; baseline -0.004 -15"><span class='ocrx_word' id='word_1_194' title='bbox 203 2282 276 2343; x_wconf 85' lang='lat' dir='ltr'>duae</span> <span class='ocrx_word' id='word_1_195' title='bbox 299 2286 397 2357; x_wconf 89' lang='lat' dir='ltr'>partes</span> <span class='ocrx_word' id='word_1_196' title='bbox 419 2280 485 2340; x_wconf 83' lang='lat' dir='ltr'>fieri</span> <span class='ocrx_word' id='word_1_197' title='bbox 506 2285 603 2355; x_wconf 89' lang='lat' dir='ltr'>potest</span> <span class='ocrx_word' id='word_1_198' title='bbox 626 2285 660 2339; x_wconf 89' lang='lat' dir='ltr'>ut</span> <span class='ocrx_word' id='word_1_199' title='bbox 680 2280 755 2338; x_wconf 89' lang='lat' dir='ltr'>inter</span> <span class='ocrx_word' id='word_1_200' title='bbox 779 2297 813 2339; x_wconf 86' lang='lat' dir='ltr'>se</span> <span class='ocrx_word' id='word_1_201' title='bbox 841 2281 1013 2356; x_wconf 86' lang='lat' dir='ltr'>discrepent.</span> <span class='ocrx_word' id='word_1_202' title='bbox 1059 2280 1116 2340; x_wconf 86' lang='lat' dir='ltr'>Sed</span> <span class='ocrx_word' id='word_1_203' title='bbox 1143 2298 1198 2354; x_wconf 88' lang='lat' dir='ltr'>quo</span> <span class='ocrx_word' id='word_1_204' title='bbox 1225 2280 1382 2355; x_wconf 85' lang='lat' dir='ltr'>perfectior</span> 
     </span>
     <span class='ocr_line' id='line_1_22' title="bbox 202 2382 1176 2460; baseline -0.002 -12"><span class='ocrx_word' id='word_1_205' title='bbox 202 2388 250 2449; x_wconf 88' lang='lat' dir='ltr'>lex</span> <span class='ocrx_word' id='word_1_206' title='bbox 272 2392 317 2446; x_wconf 85' lang='lat' dir='ltr'>est</span> <span class='ocrx_word' id='word_1_207' title='bbox 339 2402 451 2460; x_wconf 88' lang='lat' dir='ltr'>quoque</span> <span class='ocrx_word' id='word_1_208' title='bbox 473 2382 661 2459; x_wconf 84' lang='lat' dir='ltr'>perfectiores</span> <span class='ocrx_word' id='word_1_209' title='bbox 680 2383 807 2458; x_wconf 86' lang='lat' dir='ltr'>jndices,</span> <span class='ocrx_word' id='word_1_210' title='bbox 830 2400 864 2443; x_wconf 92' lang='lat' dir='ltr'>eo</span> <span class='ocrx_word' id='word_1_211' title='bbox 887 2385 979 2443; x_wconf 88' lang='lat' dir='ltr'>minus</span> <span class='ocrx_word' id='word_1_212' title='bbox 1001 2383 1176 2460; x_wconf 85' lang='lat' dir='ltr'>discrepant.</span> 
     </span>
    </p>

    <p class='ocr_par' dir='ltr' id='par_1_4' title="bbox 200 2473 1383 3505">
     <span class='ocr_line' id='line_1_23' title="bbox 290 2473 1381 2565; baseline -0.004 -15"><span class='ocrx_word' id='word_1_213' title='bbox 290 2473 385 2562; x_wconf 76' lang='lat' dir='ltr'>Quare</span> <span class='ocrx_word' id='word_1_214' title='bbox 416 2487 526 2548; x_wconf 85' lang='lat' dir='ltr'>factum</span> <span class='ocrx_word' id='word_1_215' title='bbox 557 2492 615 2565; x_wconf 89' lang='lat' dir='ltr'>est,</span> <span class='ocrx_word' id='word_1_216' title='bbox 647 2491 679 2547; x_wconf 93' lang='lat' dir='ltr'>ut</span> <span class='ocrx_word' id='word_1_217' title='bbox 709 2487 812 2548; x_wconf 89' lang='lat' dir='ltr'>ambae</span> <span class='ocrx_word' id='word_1_218' title='bbox 843 2489 966 2548; x_wconf 90' lang='lat' dir='ltr'>notionis</span> <span class='ocrx_word' id='word_1_219' title='bbox 997 2493 1096 2564; x_wconf 88' lang='lat' dir='ltr'>partes</span> <span class='ocrx_word' id='word_1_220' title='bbox 1125 2487 1202 2564; x_wconf 87' lang='lat' dir='ltr'>apud</span> <span class='ocrx_word' id='word_1_221' title='bbox 1231 2488 1381 2548; x_wconf 87' lang='lat' dir='ltr'>Hebraeos</span> 
     </span>
     <span class='ocr_line' id='line_1_24' title="bbox 203 2591 1380 2655; baseline -0.003 -1"><span class='ocrx_word' id='word_1_222' title='bbox 203 2611 262 2655; x_wconf 92' lang='lat' dir='ltr'>non</span> <span class='ocrx_word' id='word_1_223' title='bbox 285 2597 421 2654; x_wconf 83' lang='lat' dir='ltr'>accurate</span> <span class='ocrx_word' id='word_1_224' title='bbox 443 2592 595 2652; x_wconf 85' lang='lat' dir='ltr'>distinctae</span> <span class='ocrx_word' id='word_1_225' title='bbox 617 2592 683 2654; x_wconf 91' lang='lat' dir='ltr'>sint.</span> <span class='ocrx_word' id='word_1_226' title='bbox 732 2592 788 2650; x_wconf 83' lang='lat' dir='ltr'>Vix</span> <span class='ocrx_word' id='word_1_227' title='bbox 811 2593 886 2651; x_wconf 89' lang='lat' dir='ltr'>enim</span> <span class='ocrx_word' id='word_1_228' title='bbox 909 2594 1010 2651; x_wconf 87' lang='lat' dir='ltr'>autin</span> <span class='ocrx_word' id='word_1_229' title='bbox 1033 2592 1140 2652; x_wconf 85' lang='lat' dir='ltr'>Vetere</span> <span class='ocrx_word' id='word_1_230' title='bbox 1169 2597 1220 2651; x_wconf 87' lang='lat' dir='ltr'>aut</span> <span class='ocrx_word' id='word_1_231' title='bbox 1248 2593 1277 2650; x_wconf 92' lang='lat' dir='ltr'>in</span> <span class='ocrx_word' id='word_1_232' title='bbox 1299 2591 1380 2650; x_wconf 89' lang='lat' dir='ltr'>Novo</span> 
     </span>
     <span class='ocr_line' id='line_1_25' title="bbox 203 2695 1380 2769; baseline -0.004 -11"><span class='ocrx_word' id='word_1_233' title='bbox 203 2698 388 2758; x_wconf 83' lang='lat' dir='ltr'>Testamenta</span> <span class='ocrx_word' id='word_1_234' title='bbox 399 2696 512 2769; x_wconf 87' lang='lat' dir='ltr'>jnstitia</span> <span class='ocrx_word' id='word_1_235' title='bbox 526 2696 615 2754; x_wconf 86' lang='lat' dir='ltr'>civilis</span> <span class='ocrx_word' id='word_1_236' title='bbox 628 2695 659 2753; x_wconf 92' lang='lat' dir='ltr'>in</span> <span class='ocrx_word' id='word_1_237' title='bbox 675 2695 871 2769; x_wconf 87' lang='lat' dir='ltr'>quaestionem</span> <span class='ocrx_word' id='word_1_238' title='bbox 883 2701 1011 2759; x_wconf 85' lang='lat' dir='ltr'>vocatur.</span> <span class='ocrx_word' id='word_1_239' title='bbox 1036 2697 1131 2756; x_wconf 90' lang='lat' dir='ltr'>Unum</span> <span class='ocrx_word' id='word_1_240' title='bbox 1147 2696 1256 2756; x_wconf 89' lang='lat' dir='ltr'>habent</span> <span class='ocrx_word' id='word_1_241' title='bbox 1269 2701 1298 2755; x_wconf 92' lang='lat' dir='ltr'>et</span> <span class='ocrx_word' id='word_1_242' title='bbox 1311 2711 1380 2754; x_wconf 91' lang='lat' dir='ltr'>eun-</span> 
     </span>
     <span class='ocr_line' id='line_1_26' title="bbox 204 2799 1382 2876; baseline -0.003 -16"><span class='ocrx_word' id='word_1_243' title='bbox 204 2801 270 2864; x_wconf 88' lang='lat' dir='ltr'>dem</span> <span class='ocrx_word' id='word_1_244' title='bbox 284 2800 481 2876; x_wconf 81' lang='lat' dir='ltr'>legislatorem</span> <span class='ocrx_word' id='word_1_245' title='bbox 497 2805 526 2858; x_wconf 87' lang='lat' dir='ltr'>et</span> <span class='ocrx_word' id='word_1_246' title='bbox 537 2799 668 2872; x_wconf 87' lang='lat' dir='ltr'>jndicem</span> <span class='ocrx_word' id='word_1_247' title='bbox 682 2799 936 2876; x_wconf 85' lang='lat' dir='ltr'>perfectissimum,</span> <span class='ocrx_word' id='word_1_248' title='bbox 952 2816 1036 2872; x_wconf 88' lang='lat' dir='ltr'>quem</span> <span class='ocrx_word' id='word_1_249' title='bbox 1051 2804 1081 2858; x_wconf 88' lang='lat' dir='ltr'>et</span> <span class='ocrx_word' id='word_1_250' title='bbox 1092 2799 1200 2858; x_wconf 85' lang='lat' dir='ltr'>fontem</span> <span class='ocrx_word' id='word_1_251' title='bbox 1212 2804 1241 2858; x_wconf 92' lang='lat' dir='ltr'>et</span> <span class='ocrx_word' id='word_1_252' title='bbox 1252 2814 1382 2860; x_wconf 91' lang='lat' dir='ltr'>normam</span> 
     </span>
     <span class='ocr_line' id='line_1_27' title="bbox 203 2902 1381 2979; baseline -0.004 -14"><span class='ocrx_word' id='word_1_253' title='bbox 203 2905 328 2965; x_wconf 88' lang='lat' dir='ltr'>omnium</span> <span class='ocrx_word' id='word_1_254' title='bbox 350 2904 491 2964; x_wconf 90' lang='lat' dir='ltr'>bonorum</span> <span class='ocrx_word' id='word_1_255' title='bbox 514 2906 706 2979; x_wconf 82' lang='lat' dir='ltr'>cognoscunt,</span> <span class='ocrx_word' id='word_1_256' title='bbox 733 2902 834 2962; x_wconf 88' lang='lat' dir='ltr'>Deum.</span> <span class='ocrx_word' id='word_1_257' title='bbox 879 2902 909 2962; x_wconf 85' lang='lat' dir='ltr'>Si</span> <span class='ocrx_word' id='word_1_258' title='bbox 935 2920 1019 2976; x_wconf 89' lang='lat' dir='ltr'>quem</span> <span class='ocrx_word' id='word_1_259' title='bbox 1037 2902 1176 2977; x_wconf 73' lang='lat' dir='ltr'>,iudicans</span> <span class='ocrx_word' id='word_1_260' title='bbox 1206 2902 1381 2978; x_wconf 86' lang='lat' dir='ltr'>reprobavit,</span> 
     </span>
     <span class='ocr_line' id='line_1_28' title="bbox 201 3006 1382 3109; baseline -0.004 -38"><span class='ocrx_word' id='word_1_261' title='bbox 201 3012 324 3084; x_wconf 85' lang='lat' dir='ltr'>injustus</span> <span class='ocrx_word' id='word_1_262' title='bbox 347 3009 415 3082; x_wconf 89' lang='lat' dir='ltr'>quin</span> <span class='ocrx_word' id='word_1_263' title='bbox 437 3009 474 3109; x_wconf 73' lang='lat' dir='ltr'>sit</span> <span class='ocrx_word' id='word_1_264' title='bbox 496 3023 581 3066; x_wconf 92' lang='lat' dir='ltr'>nemo</span> <span class='ocrx_word' id='word_1_265' title='bbox 603 3011 647 3067; x_wconf 89' lang='lat' dir='ltr'>est</span> <span class='ocrx_word' id='word_1_266' title='bbox 676 3008 724 3080; x_wconf 92' lang='lat' dir='ltr'>qui</span> <span class='ocrx_word' id='word_1_267' title='bbox 752 3006 875 3079; x_wconf 83' lang='lat' dir='ltr'>dubitet3</span> <span class='ocrx_word' id='word_1_268' title='bbox 904 3006 980 3082; x_wconf 91' lang='lat' dir='ltr'>quod</span> <span class='ocrx_word' id='word_1_269' title='bbox 1009 3009 1033 3065; x_wconf 90' lang='lat' dir='ltr'>si</span> <span class='ocrx_word' id='word_1_270' title='bbox 1064 3022 1148 3080; x_wconf 88' lang='lat' dir='ltr'>quem</span> <span class='ocrx_word' id='word_1_271' title='bbox 1175 3008 1225 3066; x_wconf 89' lang='lat' dir='ltr'>alii</span> <span class='ocrx_word' id='word_1_272' title='bbox 1252 3007 1382 3066; x_wconf 90' lang='lat' dir='ltr'>homiues</span> 
     </span>
     <span class='ocr_line' id='line_1_29' title="bbox 202 3108 1381 3189; baseline -0.004 -16"><span class='ocrx_word' id='word_1_273' title='bbox 202 3131 256 3189; x_wconf 86' lang='lat' dir='ltr'>per</span> <span class='ocrx_word' id='word_1_274' title='bbox 278 3113 456 3189; x_wconf 85' lang='lat' dir='ltr'>aliquantum</span> <span class='ocrx_word' id='word_1_275' title='bbox 479 3111 630 3185; x_wconf 87' lang='lat' dir='ltr'>temporis,</span> <span class='ocrx_word' id='word_1_276' title='bbox 653 3127 823 3186; x_wconf 86' lang='lat' dir='ltr'>quamquam</span> <span class='ocrx_word' id='word_1_277' title='bbox 847 3127 943 3170; x_wconf 89' lang='lat' dir='ltr'>coram</span> <span class='ocrx_word' id='word_1_278' title='bbox 958 3112 1022 3170; x_wconf 92' lang='lat' dir='ltr'>Deo</span> <span class='ocrx_word' id='word_1_279' title='bbox 1045 3110 1167 3184; x_wconf 80' lang='lat' dir='ltr'>injustus</span> <span class='ocrx_word' id='word_1_280' title='bbox 1187 3108 1253 3186; x_wconf 85' lang='lat' dir='ltr'>luit,</span> <span class='ocrx_word' id='word_1_281' title='bbox 1272 3111 1381 3183; x_wconf 89' lang='lat' dir='ltr'>justum</span> 
     </span>
     <span class='ocr_line' id='line_1_30' title="bbox 200 3214 1383 3293; baseline -0.003 -16"><span class='ocrx_word' id='word_1_282' title='bbox 200 3217 355 3293; x_wconf 87' lang='lat' dir='ltr'>putabant,</span> <span class='ocrx_word' id='word_1_283' title='bbox 372 3221 470 3274; x_wconf 89' lang='lat' dir='ltr'>tamen</span> <span class='ocrx_word' id='word_1_284' title='bbox 485 3214 540 3275; x_wconf 89' lang='lat' dir='ltr'>boc</span> <span class='ocrx_word' id='word_1_285' title='bbox 554 3232 611 3275; x_wconf 89' lang='lat' dir='ltr'>non</span> <span class='ocrx_word' id='word_1_286' title='bbox 627 3215 692 3275; x_wconf 86' lang='lat' dir='ltr'>fieri</span> <span class='ocrx_word' id='word_1_287' title='bbox 706 3217 835 3291; x_wconf 89' lang='lat' dir='ltr'>potuisse</span> <span class='ocrx_word' id='word_1_288' title='bbox 849 3214 905 3274; x_wconf 83' lang='lat' dir='ltr'>bisi</span> <span class='ocrx_word' id='word_1_289' title='bbox 921 3231 1020 3274; x_wconf 90' lang='lat' dir='ltr'>errore</span> <span class='ocrx_word' id='word_1_290' title='bbox 1036 3214 1205 3290; x_wconf 85' lang='lat' dir='ltr'>apparebat.</span> <span class='ocrx_word' id='word_1_291' title='bbox 1237 3214 1383 3275; x_wconf 86' lang='lat' dir='ltr'>Judicavit</span> 
     </span>
     <span class='ocr_line' id='line_1_31' title="bbox 201 3318 1381 3394; baseline -0.004 -13"><span class='ocrx_word' id='word_1_292' title='bbox 201 3338 271 3382; x_wconf 84' lang='lat' dir='ltr'>vero</span> <span class='ocrx_word' id='word_1_293' title='bbox 291 3321 369 3381; x_wconf 90' lang='lat' dir='ltr'>Deus</span> <span class='ocrx_word' id='word_1_294' title='bbox 392 3336 410 3378; x_wconf 91' lang='lat' dir='ltr'>a</span> <span class='ocrx_word' id='word_1_295' title='bbox 430 3320 599 3394; x_wconf 86' lang='lat' dir='ltr'>posteriori,</span> <span class='ocrx_word' id='word_1_296' title='bbox 621 3320 708 3380; x_wconf 90' lang='lat' dir='ltr'>rebus</span> <span class='ocrx_word' id='word_1_297' title='bbox 732 3324 762 3380; x_wconf 92' lang='lat' dir='ltr'>et</span> <span class='ocrx_word' id='word_1_298' title='bbox 784 3320 857 3379; x_wconf 85' lang='lat' dir='ltr'>actis</span> <span class='ocrx_word' id='word_1_299' title='bbox 878 3318 1009 3379; x_wconf 87' lang='lat' dir='ltr'>humanis</span> <span class='ocrx_word' id='word_1_300' title='bbox 1032 3319 1170 3392; x_wconf 88' lang='lat' dir='ltr'>inspectis</span> <span class='ocrx_word' id='word_1_301' title='bbox 1189 3319 1271 3377; x_wconf 86' lang='lat' dir='ltr'>Rom.</span> <span class='ocrx_word' id='word_1_302' title='bbox 1290 3320 1316 3393; x_wconf 88' lang='lat' dir='ltr'>l,</span> <span class='ocrx_word' id='word_1_303' title='bbox 1342 3319 1381 3377; x_wconf 89' lang='lat'>18</span> 
     </span>
     <span class='ocr_line' id='line_1_32' title="bbox 203 3416 1381 3505; baseline -0.004 -21"><span class='ocrx_word' id='word_1_304' title='bbox 203 3422 237 3487; x_wconf 85' lang='lat' dir='ltr'>cf.</span> <span class='ocrx_word' id='word_1_305' title='bbox 261 3424 290 3499; x_wconf 78' lang='lat'>2,</span> <span class='ocrx_word' id='word_1_306' title='bbox 318 3425 352 3487; x_wconf 81' lang='lat'>2:</span> <span class='ocrx_word' id='word_1_307' title='bbox 380 3418 465 3486; x_wconf 87' lang='grc' dir='ltr'>κατὰ</span> <span class='ocrx_word' id='word_1_308' title='bbox 491 3416 654 3505; x_wconf 60' lang='lat' dir='ltr'>aldberct:</span> <span class='ocrx_word' id='word_1_309' title='bbox 681 3429 777 3483; x_wconf 88' lang='lat' dir='ltr'>tamen</span> <span class='ocrx_word' id='word_1_310' title='bbox 800 3441 896 3484; x_wconf 88' lang='lat' dir='ltr'>verum</span> <span class='ocrx_word' id='word_1_311' title='bbox 924 3428 954 3484; x_wconf 92' lang='lat' dir='ltr'>et</span> <span class='ocrx_word' id='word_1_312' title='bbox 974 3425 1123 3499; x_wconf 88' lang='lat' dir='ltr'>proprium</span> <span class='ocrx_word' id='word_1_313' title='bbox 1142 3423 1295 3496; x_wconf 85' lang='lat' dir='ltr'>judicium,</span> <span class='ocrx_word' id='word_1_314' title='bbox 1325 3439 1381 3497; x_wconf 89' lang='lat' dir='ltr'>quo</span> 
     </span>
    </p>
   </div>
   <div class='ocr_carea' id='block_1_4' title="bbox 115 3523 1380 3604">
    <p class='ocr_par' dir='ltr' id='par_1_5' title="bbox 115 3523 1380 3604">
     <span class='ocr_line' id='line_1_33' title="bbox 115 3523 1380 3604; baseline -0.002 -17"><span class='ocrx_word' id='word_1_315' title='bbox 115 3582 118 3587; x_wconf 22' lang='lat'><em>4</em></span> <span class='ocrx_word' id='word_1_316' title='bbox 203 3545 285 3604; x_wconf 87' lang='lat' dir='ltr'>quem</span> <span class='ocrx_word' id='word_1_317' title='bbox 307 3528 385 3587; x_wconf 89' lang='lat' dir='ltr'>Deus</span> <span class='ocrx_word' id='word_1_318' title='bbox 412 3528 549 3601; x_wconf 87' lang='lat' dir='ltr'>injustum</span> <span class='ocrx_word' id='word_1_319' title='bbox 577 3527 718 3604; x_wconf 87' lang='lat' dir='ltr'>declarat,</span> <span class='ocrx_word' id='word_1_320' title='bbox 746 3545 764 3587; x_wconf 91' lang='lat' dir='ltr'>a</span> <span class='ocrx_word' id='word_1_321' title='bbox 793 3523 886 3603; x_wconf 88' lang='lat' dir='ltr'>priori</span> <span class='ocrx_word' id='word_1_322' title='bbox 913 3528 1027 3587; x_wconf 83' lang='lat' dir='ltr'>ridetur</span> <span class='ocrx_word' id='word_1_323' title='bbox 1053 3542 1117 3587; x_wconf 90' lang='lat' dir='ltr'>esse</span> <span class='ocrx_word' id='word_1_324' title='bbox 1146 3526 1227 3587; x_wconf 85' lang='lat' dir='ltr'>Rom.</span> <span class='ocrx_word' id='word_1_325' title='bbox 1251 3527 1279 3599; x_wconf 87' lang='lat'>3,</span> <span class='ocrx_word' id='word_1_326' title='bbox 1307 3528 1324 3584; x_wconf 83' lang='lat'>9</span> <span class='ocrx_word' id='word_1_327' title='bbox 1348 3544 1380 3601; x_wconf 77' lang='lat' dir='ltr'>s,</span> 
     </span>
    </p>
   </div>
   <div class='ocr_carea' id='block_1_5' title="bbox 183 3630 1382 3812">
    <p class='ocr_par' dir='ltr' id='par_1_6' title="bbox 183 3630 1382 3812">
     <span class='ocr_line' id='line_1_34' title="bbox 183 3630 1381 3707; baseline -0.006 -12"><span class='ocrx_word' id='word_1_328' title='bbox 183 3633 233 3707; x_wconf 72' lang='grc'>,5,</span> <span class='ocrx_word' id='word_1_329' title='bbox 259 3632 298 3693; x_wconf 82' lang='grc'>12</span> <span class='ocrx_word' id='word_1_330' title='bbox 313 3649 365 3704; x_wconf 89' lang='lat' dir='ltr'>ss.;</span> <span class='ocrx_word' id='word_1_331' title='bbox 386 3635 419 3691; x_wconf 91' lang='lat' dir='ltr'>ut</span> <span class='ocrx_word' id='word_1_332' title='bbox 441 3636 598 3706; x_wconf 86' lang='lat' dir='ltr'>appareat,</span> <span class='ocrx_word' id='word_1_333' title='bbox 620 3650 685 3692; x_wconf 89' lang='lat' dir='ltr'>eum</span> <span class='ocrx_word' id='word_1_334' title='bbox 707 3633 851 3707; x_wconf 89' lang='lat' dir='ltr'>inspicere</span> <span class='ocrx_word' id='word_1_335' title='bbox 873 3648 942 3692; x_wconf 88' lang='lat' dir='ltr'>sane</span> <span class='ocrx_word' id='word_1_336' title='bbox 965 3636 995 3689; x_wconf 90' lang='lat' dir='ltr'>ct</span> <span class='ocrx_word' id='word_1_337' title='bbox 1016 3630 1179 3705; x_wconf 85' lang='lat' dir='ltr'>intelligere</span> <span class='ocrx_word' id='word_1_338' title='bbox 1195 3634 1225 3689; x_wconf 91' lang='lat' dir='ltr'>et</span> <span class='ocrx_word' id='word_1_339' title='bbox 1239 3631 1381 3702; x_wconf 87' lang='lat' dir='ltr'>nuntiare,</span> 
     </span>
     <span class='ocr_line' id='line_1_35' title="bbox 203 3715 1382 3812; baseline -0.002 -17"><span class='ocrx_word' id='word_1_340' title='bbox 203 3736 333 3795; x_wconf 88' lang='lat' dir='ltr'>homines</span> <span class='ocrx_word' id='word_1_341' title='bbox 356 3738 484 3811; x_wconf 89' lang='lat' dir='ltr'>malos,</span> <span class='ocrx_word' id='word_1_342' title='bbox 507 3736 573 3812; x_wconf 91' lang='lat' dir='ltr'>quin</span> <span class='ocrx_word' id='word_1_343' title='bbox 596 3737 734 3812; x_wconf 91' lang='lat' dir='ltr'>pessimos</span> <span class='ocrx_word' id='word_1_344' title='bbox 757 3752 835 3808; x_wconf 88' lang='lat' dir='ltr'>esse,</span> <span class='ocrx_word' id='word_1_345' title='bbox 858 3735 887 3795; x_wconf 95' lang='lat' dir='ltr'>id</span> <span class='ocrx_word' id='word_1_346' title='bbox 908 3715 983 3809; x_wconf 86' lang='lat' dir='ltr'>quod</span> <span class='ocrx_word' id='word_1_347' title='bbox 998 3750 1055 3793; x_wconf 91' lang='lat' dir='ltr'>non</span> <span class='ocrx_word' id='word_1_348' title='bbox 1070 3735 1208 3806; x_wconf 89' lang='lat' dir='ltr'>voluerit;</span> <span class='ocrx_word' id='word_1_349' title='bbox 1230 3732 1297 3792; x_wconf 90' lang='lat' dir='ltr'>iude</span> <span class='ocrx_word' id='word_1_350' title='bbox 1312 3750 1382 3793; x_wconf 91' lang='lat' dir='ltr'>vero</span> 
     </span>
    </p>
   </div>
   <div class='ocr_carea' id='block_1_6' title="bbox 204 3899 1382 4325">
    <p class='ocr_par' dir='ltr' id='par_1_7' title="bbox 204 3899 1382 4325">
     <span class='ocr_line' id='line_1_36' title="bbox 293 3899 1382 3974; baseline -0.005 -15"><span class='ocrx_word' id='word_1_351' title='bbox 293 3905 314 3971; x_wconf 85' lang='lat'>¹)</span> <span class='ocrx_word' id='word_1_352' title='bbox 337 3905 478 3973; x_wconf 78' lang='lat' dir='ltr'>Quomodo</span> <span class='ocrx_word' id='word_1_353' title='bbox 503 3906 590 3956; x_wconf 71' lang='lat' dir='ltr'>Imnrer</span> <span class='ocrx_word' id='word_1_354' title='bbox 611 3904 629 3957; x_wconf 93' lang='lat' dir='ltr'>l.</span> <span class='ocrx_word' id='word_1_355' title='bbox 648 3922 671 3959; x_wconf 88' lang='lat' dir='ltr'>e.</span> <span class='ocrx_word' id='word_1_356' title='bbox 689 3922 715 3974; x_wconf 90' lang='lat' dir='ltr'>p.</span> <span class='ocrx_word' id='word_1_357' title='bbox 735 3904 785 3958; x_wconf 80' lang='lat'>290</span> <span class='ocrx_word' id='word_1_358' title='bbox 812 3899 972 3970; x_wconf 75' lang='grc' dir='ltr'>δικαιοσύνην</span> <span class='ocrx_word' id='word_1_359' title='bbox 999 3902 1072 3959; x_wconf 86' lang='lat' dir='ltr'>dieat</span> <span class='ocrx_word' id='word_1_360' title='bbox 1095 3918 1154 3958; x_wconf 81' lang='lat' dir='ltr'>esse</span> <span class='ocrx_word' id='word_1_361' title='bbox 1176 3903 1243 3968; x_wconf 73' lang='lat' dir='ltr'>„das</span> <span class='ocrx_word' id='word_1_362' title='bbox 1260 3904 1382 3970; x_wconf 70' lang='lat' dir='ltr'>Erjaesen</span> 
     </span>
     <span class='ocr_line' id='line_1_37' title="bbox 204 3986 1381 4058; baseline 0 -14"><span class='ocrx_word' id='word_1_363' title='bbox 204 3994 257 4044; x_wconf 82' lang='lat' dir='ltr'>und</span> <span class='ocrx_word' id='word_1_364' title='bbox 272 3993 322 4043; x_wconf 76' lang='lat' dir='ltr'>rich</span> <span class='ocrx_word' id='word_1_365' title='bbox 341 3992 466 4043; x_wconf 80' lang='lat' dir='ltr'>Vcrlasseu</span> <span class='ocrx_word' id='word_1_366' title='bbox 484 3995 536 4058; x_wconf 85' lang='lat' dir='ltr'>auf</span> <span class='ocrx_word' id='word_1_367' title='bbox 548 3993 587 4043; x_wconf 80' lang='lat' dir='ltr'>die</span> <span class='ocrx_word' id='word_1_368' title='bbox 607 3991 691 4042; x_wconf 68' lang='lat' dir='ltr'>Geroda</span> <span class='ocrx_word' id='word_1_369' title='bbox 708 3993 758 4042; x_wconf 80' lang='lat' dir='ltr'>aad</span> <span class='ocrx_word' id='word_1_370' title='bbox 779 3990 854 4041; x_wconf 84' lang='lat' dir='ltr'>Treue</span> <span class='ocrx_word' id='word_1_371' title='bbox 875 3988 973 4041; x_wconf 79' lang='lat' dir='ltr'>Gotles“</span> <span class='ocrx_word' id='word_1_372' title='bbox 994 4006 1049 4044; x_wconf 88' lang='lat' dir='ltr'>non</span> <span class='ocrx_word' id='word_1_373' title='bbox 1070 3990 1201 4057; x_wconf 83' lang='lat' dir='ltr'>intelligo.</span> <span class='ocrx_word' id='word_1_374' title='bbox 1219 4019 1248 4028; x_wconf 91' lang='lat'>—</span> <span class='ocrx_word' id='word_1_375' title='bbox 1271 3986 1293 4054; x_wconf 73' lang='lat'>²)</span> <span class='ocrx_word' id='word_1_376' title='bbox 1311 3989 1381 4044; x_wconf 80' lang='lat' dir='ltr'>Fere</span> 
     </span>
     <span class='ocr_line' id='line_1_38' title="bbox 207 4075 1381 4148; baseline -0.003 -15"><span class='ocrx_word' id='word_1_377' title='bbox 207 4095 300 4134; x_wconf 88' lang='lat' dir='ltr'>omnes</span> <span class='ocrx_word' id='word_1_378' title='bbox 314 4078 435 4147; x_wconf 84' lang='lat' dir='ltr'>theologi</span> <span class='ocrx_word' id='word_1_379' title='bbox 448 4077 542 4133; x_wconf 91' lang='lat' dir='ltr'>biblici</span> <span class='ocrx_word' id='word_1_380' title='bbox 553 4092 717 4148; x_wconf 85' lang='lat' dir='ltr'>quamquam</span> <span class='ocrx_word' id='word_1_381' title='bbox 729 4081 837 4148; x_wconf 86' lang='lat' dir='ltr'>partem</span> <span class='ocrx_word' id='word_1_382' title='bbox 848 4077 1024 4147; x_wconf 86' lang='lat' dir='ltr'>subjectivum</span> <span class='ocrx_word' id='word_1_383' title='bbox 1036 4076 1196 4146; x_wconf 88' lang='lat' dir='ltr'>plerumque</span> <span class='ocrx_word' id='word_1_384' title='bbox 1208 4075 1326 4145; x_wconf 89' lang='lat' dir='ltr'>priorem</span> <span class='ocrx_word' id='word_1_385' title='bbox 1337 4077 1381 4131; x_wconf 88' lang='lat' dir='ltr'>vel</span> 
     </span>
     <span class='ocr_line' id='line_1_39' title="bbox 205 4161 1381 4234; baseline -0.007 -13"><span class='ocrx_word' id='word_1_386' title='bbox 205 4165 291 4221; x_wconf 83' lang='lat' dir='ltr'>solam</span> <span class='ocrx_word' id='word_1_387' title='bbox 320 4165 433 4234; x_wconf 85' lang='lat' dir='ltr'>faciunt,</span> <span class='ocrx_word' id='word_1_388' title='bbox 463 4181 518 4220; x_wconf 93' lang='lat' dir='ltr'>non</span> <span class='ocrx_word' id='word_1_389' title='bbox 550 4172 663 4234; x_wconf 88' lang='lat' dir='ltr'>possunt</span> <span class='ocrx_word' id='word_1_390' title='bbox 693 4164 758 4234; x_wconf 86' lang='lat' dir='ltr'>quin</span> <span class='ocrx_word' id='word_1_391' title='bbox 785 4164 946 4233; x_wconf 83' lang='lat' dir='ltr'>objectivam</span> <span class='ocrx_word' id='word_1_392' title='bbox 969 4168 1118 4232; x_wconf 84' lang='lat' dir='ltr'>agnoscant</span> <span class='ocrx_word' id='word_1_393' title='bbox 1140 4161 1174 4216; x_wconf 88' lang='lat' dir='ltr'>cf.</span> <span class='ocrx_word' id='word_1_394' title='bbox 1199 4179 1221 4216; x_wconf 90' lang='lat' dir='ltr'>e.</span> <span class='ocrx_word' id='word_1_395' title='bbox 1246 4178 1269 4230; x_wconf 81' lang='lat' dir='ltr'>g.</span> <span class='ocrx_word' id='word_1_396' title='bbox 1295 4163 1381 4231; x_wconf 68' lang='lat' dir='ltr'>Uetere,</span> 
     </span>
     <span class='ocr_line' id='line_1_40' title="bbox 205 4247 1381 4325; baseline -0.004 -18"><span class='ocrx_word' id='word_1_397' title='bbox 205 4252 223 4318; x_wconf 77' lang='lat' dir='ltr'>l.</span> <span class='ocrx_word' id='word_1_398' title='bbox 243 4269 265 4319; x_wconf 71' lang='lat' dir='ltr'>a.</span> <span class='ocrx_word' id='word_1_399' title='bbox 284 4268 312 4325; x_wconf 87' lang='lat' dir='ltr'>p.</span> <span class='ocrx_word' id='word_1_400' title='bbox 330 4251 365 4307; x_wconf 84' lang='lat'>86</span> <span class='ocrx_word' id='word_1_401' title='bbox 382 4267 403 4313; x_wconf 80' lang='grc' dir='ltr'>β.</span> <span class='ocrx_word' id='word_1_402' title='bbox 425 4252 458 4318; x_wconf 75' lang='lat' dir='ltr'>cf.</span> <span class='ocrx_word' id='word_1_403' title='bbox 478 4252 525 4317; x_wconf 64' lang='lat'>54:</span> <span class='ocrx_word' id='word_1_404' title='bbox 544 4253 587 4313; x_wconf 74' lang='lat' dir='ltr'>dur</span> <span class='ocrx_word' id='word_1_405' title='bbox 605 4252 697 4309; x_wconf 72' lang='lat' dir='ltr'>lro&#39;elrste</span> <span class='ocrx_word' id='word_1_406' title='bbox 714 4253 816 4313; x_wconf 75' lang='lat' dir='ltr'>sittlr&#39;clre</span> <span class='ocrx_word' id='word_1_407' title='bbox 833 4252 939 4323; x_wconf 68' lang='lat' dir='ltr'>chriff</span> <span class='ocrx_word' id='word_1_408' title='bbox 950 4251 1000 4305; x_wconf 79' lang='lat' dir='ltr'>uod</span> <span class='ocrx_word' id='word_1_409' title='bbox 1017 4290 1043 4308; x_wconf 84' lang='lat'>..</span> <span class='ocrx_word' id='word_1_410' title='bbox 1062 4251 1122 4303; x_wconf 80' lang='lat' dir='ltr'>ancl</span> <span class='ocrx_word' id='word_1_411' title='bbox 1141 4251 1187 4302; x_wconf 84' lang='lat' dir='ltr'>dos</span> <span class='ocrx_word' id='word_1_412' title='bbox 1204 4250 1296 4303; x_wconf 64' lang='lat' dir='ltr'>locare</span> <span class='ocrx_word' id='word_1_413' title='bbox 1316 4247 1381 4303; x_wconf 76' lang='lat' dir='ltr'>Gal.</span> 
     </span>
    </p>
   </div>
   <div class='ocr_carea' id='block_1_7' title="bbox 0 0 1533 4848">
    <p class='ocr_par' dir='ltr' id='par_1_8' title="bbox 0 0 1533 4848">
     <span class='ocr_line' id='line_1_41' title="bbox 0 0 1533 4848; baseline 0 0"><span class='ocrx_word' id='word_1_414' title='bbox 0 0 1533 4848; x_wconf 95' lang='lat' dir='ltr'> </span> 
     </span>
    </p>
   </div>
  </div>
 </body>
</html>
