3050 4848
2 510 87 547 “)ἰῆ

38 540 89 558 '⁸⁹-

30 618 89 663 'ani

595 314 803 388 *ll-⁴

431 412 442 443 ,

109 506 144 561 ut
173 519 188 559 e
215 501 280 576 lege
302 504 440 573 tanquam
463 515 479 556 e
501 497 581 556 fonte
604 496 730 571 quodam
756 496 805 571 qni
827 497 865 557 sit
886 502 970 559 extra
991 493 1086 557 Deum
1106 490 1223 574 justitia
1255 494 1285 558 et

110 604 175 664 vita
196 604 296 664 veniat
318 605 346 681 3,
371 605 425 676 22;
456 603 484 679 2,
512 603 563 673 16;
594 602 677 660 Rom.
702 602 730 679 3,
755 602 809 680 203
839 601 924 660 immo
947 602 1024 660 velle
1047 620 1125 679 enm,
1148 607 1299 678 utappa--
1398 610 1404 625 '

19 722 31 759 1
45 726 89 767 tn
109 712 177 766 reat
205 708 285 783 lege,
308 706 420 765 nullum
449 701 594 764 hominem
617 704 772 778 quidquam
793 722 879 780 posse
902 705 950 763 rel
972 705 1070 764 valere
1092 723 1188 765 eoram
1211 706 1284 783 Deo,

2 810 86 873 'ut-r
112 811 178 870 Gal.
203 812 230 887 3,
256 811 309 882 22;
339 812 422 869 Rom.
454 810 482 886 3,
514 810 551 866 19
580 807 616 866 ef.
645 809 678 879 4;
706 808 743 866 Π.
768 807 832 866 Cor.
857 809 885 886 3,
911 809 953 886 5.,
978 808 1052 868 siout
1074 809 1161 869 etiam
1183 809 1286 869 foedus
1393 886 1396 891 Δ
1441 798 1443 803 ’

22 938 85 977 ffir

2 1044 3 1075 1
29 1043 75 1082 ”se

109 915 184 973 illud
207 910 389 995 ἐπαγγελίας
410 930 469 971 που
490 911 579 970 iatum
601 910 639 970 sit
666 929 731 969 enm
752 910 931 993 hominibus,
955 912 1008 971 sed
1030 913 1130 972 datum
1151 913 1187 973 iis
1209 912 1287 973 sita

109 1019 175 1076 Deo
206 1018 270 1077 Gal.
295 1018 323 1094 3,
351 1016 388 1074 15
404 1033 442 1075 ss.
495 1015 575 1075 Deus
608 1012 697 1090 igitur
729 1013 786 1074 sibi
819 1015 873 1075 soli
906 1033 1020 1074 omnem
1051 1016 1190 1076 honorem
1224 1017 1288 1077 vult

2 1128 74 1186 lm
111 1121 253 1197 retinere,
284 1138 343 1178 non
366 1120 436 1178 dare
459 1117 530 1194 legi,
554 1136 612 1177 non
635 1116 813 1196 hominibus,
842 1112 924 1192 ὅπως
939 1114 982 1201 μὴ
996 1115 1188 1202 καυχήσηται
1202 1121 1288 1182 πᾶσα

2 1254 82 1293 1η

10 1360 68 1395 ,Υΐ
76 1390 81 1395 ,

2 1464 69 1502 υἷϊ

110 1219 187 1306 σὰρξ
219 1218 338 1286 ἐνώπιον
367 1223 419 1283 τοῦ
448 1220 522 1285 boob
545 1222 568 1279 Ι.
592 1221 656 1280 Oor.
683 1223 709 1298 1,
734 1223 784 1280 29.
809 1223 858 1285 31.
883 1226 912 1281 et
934 1240 994 1296 seq.
1038 1223 1086 1282 llli
1107 1242 1178 1283 vero
1200 1224 1231 1283 in
1252 1241 1287 1283 eo

111 1332 196 1387 erant
222 1332 254 1386 nt
275 1326 399 1386 relativo
422 1324 536 1384 onidam
559 1325 635 1383 bono
657 1325 754 1383 locum
776 1325 878 1384 summi
900 1325 970 1385 boni
992 1327 1104 1386 darent.
1118 1321 1144 1410 ¹)

196 1430 309 1490 Tamen
338 1446 396 1490 non
424 1434 515 1503 negat
536 1427 660 1503 Paulus,
693 1429 787 1504 legem
816 1430 924 1488 bonam
947 1448 1011 1490 esse
1033 1435 1122 1505 atque
1149 1431 1287 1510 divinam,

2 1580 16 1589 .
52 1570 75 1607 Β
110 1537 194 1596 Rom.
219 1536 247 1594 7.
292 1535 345 1593 Est
368 1531 524 1591 discrimen
546 1531 666 1607 aliquod
680 1531 756 1592 inter
770 1533 894 1592 Iudaeos
910 1538 940 1592 et
954 1538 1072 1612 gentes:
1103 1539 1206 1609 gentes
1221 1539 1289 1595 sunt

112 1633 287 1720 ἁμαρτωλοί
315 1637 380 1697 Gal.
409 1638 437 1714 2,
471 1636 519 1693 15.
545 1636 597 1713 17,
632 1635 749 1694 Iudaeis
778 1635 867 1711 igitur
896 1635 1029 1697 meliores
1059 1637 1166 1697 dantur
1194 1656 1288 1699 mores

27 1780 76 1818 ,ς
111 1746 233 1818 propter
260 1740 340 1798 illam
369 1739 473 1815 legem.
517 1740 594 1797 Nam
622 1733 657 1800 τὸ
691 1733 828 1821 περισσὸν
857 1741 909 1802 τοῦ
935 1734 1080 1802 Ἰουδαίου
1111 1736 1184 1804 πολὺ
1206 1737 1290 1805 κατὰ

2 1882 74 1925 :a
113 1839 215 1906 πάντα
236 1837 354 1925 τρόπον,
379 1845 461 1902 Rom.
486 1843 514 1920 3,
541 1844 567 1901 1.
592 1844 624 1920 2,
648 1860 737 1917 quum
759 1848 879 1919 propter
900 1844 973 1904 alias
1006 1861 1053 1904 res
1086 1850 1147 1903 tum
1168 1851 1289 1921 propter

25 1974 70 2029 j,
113 1944 294 2030 reprobarier
322 1950 349 2023 9,
374 1947 403 2024 4,
433 1964 491 2021 qna
517 1964 549 2004 re
575 1945 631 2022 ipsi
659 1945 696 2005 de
723 1947 788 2021 lege
810 1947 1012 2022 gloriabantur
1034 1950 1062 2026 2,
1090 1949 1127 2007 17
1143 1966 1167 2007 s.
1211 1949 1289 2009 Justi
1405 1964 1408 1971 ‘

22 2094 46 2109 ..
113 2069 184 2111 vero
206 2050 312 2110 Judaei
340 2054 460 2127 propter
489 2051 584 2124 legem
614 2064 672 2109 non
701 2054 769 2108 sunt
797 2052 825 2128 3,
851 2053 909 2110 9ο.
964 2053 1032 2110 Non
1061 2056 1105 2111 est
1134 2053 1212 2131 fons,
1236 2052 1288 2112 ssd

2 2218 9 2229 ,
34 2200 46 2205 ἢ
111 2154 318 2214 adminiculum
333 2153 533 2214 tantummodo
551 2153 697 2230 justitiae,
721 2153 831 2230 duplici
853 2155 938 2214 modo
958 2166 1021 2214 eam
1036 2174 1229 2231 praeparans;
1251 2157 1289 2216 ad

20 2309 33 2345 .-
49 2310 54 2319 .
112 2259 291 2319 coercendas
303 2257 378 2316 enim
394 2256 642 2333 transgressiones
657 2256 791 2333 apposita
806 2262 851 2317 est
865 2258 913 2317 lex
927 2258 1113 2334 promissioni
1124 2259 1189 2320 Gal.
1203 2261 1231 2338 3,
1249 2261 1286 2318 19

24 2408 58 2435 ,,.
112 2363 150 2422 af.
175 2363 203 2441 5,
228 2363 267 2422 23
302 2367 331 2421 et
358 2362 396 2421 ad
427 2361 563 2437 augenda
590 2356 827 2442 παραπτώματα
853 2361 1056 2444 παρευοήλὲτευ
1082 2364 1165 2422 Rom.
1194 2363 1223 2441 5,
1247 2365 1288 2423 29

25 2515 43 2551 -:
112 2466 151 2525 of.
175 2466 204 2544 4,
231 2466 285 2538 15,
309 2466 337 2542 7,
362 2465 393 2536 7;
422 2467 445 2524 Ι.
470 2464 535 2523 Oor.
562 2465 608 2542 15,
634 2464 673 2523 56
681 2487 689 2546 3
720 2464 783 2524 sive
805 2465 842 2523 ob
872 2464 952 2524 illam
975 2483 1093 2526 oausam
1115 2465 1178 2526 sive
1200 2466 1288 2526 etiarn

10 2626 14 2627 γ
40 2626 55 2655 2
111 2571 151 2629 ob
168 2569 291 2629 alteram
305 2563 498 2651 παιδαγωγός
512 2568 608 2629 faetus
633 2573 677 2627 est
693 2561 708 2629 ὁ
725 2563 817 2649 νόμος
835 2567 865 2627 in
881 2568 1026 2628 Christum
1042 2570 1106 2629 Gal.
1124 2572 1152 2648 3,
1170 2571 1210 2641 24
1222 2589 1249 2648 s;
1261 2565 1288 2652 2)

2 2650 40 2764 'J
112 2692 172 2733 non
188 2678 233 2733 est
248 2650 392 2733 contrarie
407 2671 541 2749 opposita
556 2672 604 2730 lex
618 2670 859 2747 promissionibus
881 2671 1002 2750 divinis,
1026 2672 1064 2732 ib.
1092 2675 1142 2751 21,
1169 2672 1222 2734 sed
1246 2673 1288 2732 in·

26 2824 46 2845 ,.
113 2778 225 2836 directe
240 2776 276 2837 iis
295 2775 448 2853 implendis
463 2776 540 2835 riam
556 2792 738 2852 praeparans
754 2793 783 2833 v.
804 2775 843 2834 22
861 2793 900 2835 ss.
941 2771 1054 2858 Νήπυοι
1073 2781 1157 2837 erant
1171 2776 1287 2854 ludaei,
1335 2782 1336 2789 ’

1 2858 34 2973 ἶ
114 2896 204 2956 quum
230 2881 284 2940 sub
307 2880 373 2956 lege
396 2884 494 2940 essent
521 2885 550 2938 et
576 2884 716 2967 tanquam
744 2876 840 2940 δοῦλοι
862 2879 983 2953 Gal.,4;
1015 2879 1114 2955 itaque
1136 2898 1195 2939 non
1223 2898 1288 2958 per·

112 2985 192 3045 fecto
224 2983 341 3060 quidem
378 2984 524 3043 hominnm
558 2983 660 3059 statui,
701 2983 753 3041 sed
785 2981 1019 3058 praeparationis
1052 2983 1175 3060 tempori
1209 2988 1288 3044 oerte

111 3088 320 3164 respondebat.
365 3087 480 3147 Deinde
502 3104 572 3146 vero
595 3103 668 3162 opus
690 3084 745 3145 luit
767 3104 817 3145 eos
840 3085 889 3161 qui
911 3087 965 3146 sub
988 3089 1054 3162 loge
1077 3092 1161 3146 erant
1183 3105 1201 3146 a
1222 3088 1287 3162 lege

12 3182 15 3183 ⁷
112 3191 230 3268 redimi,
255 3191 320 3251 Gal.
344 3192 373 3269 4,
398 3192 443 3269 5.,
475 3190 553 3266 qnod
583 3188 646 3249 fieri
675 3188 733 3248 non
762 3189 858 3264 potuit
890 3189 946 3249 nisi
975 3189 1039 3265 ipso
1062 3190 1118 3249 Dei
1147 3189 1207 3249 filio
1229 3190 1289 3265 legi

21 3356 35 3367 ,
114 3295 268 3370 subjuncto
291 3294 331 3354 ib.
355 3314 383 3352 v.
406 3298 436 3359 4.
481 3293 580 3353 Facile
594 3292 781 3370 intelligitur,
798 3292 977 3352 redemtione
992 3309 1065 3368 opus
1080 3292 1170 3353 fuisse
1186 3293 1287 3352 eodem

113 3397 214 3475 modo,
245 3416 303 3473 quo
333 3398 426 3457 virum
458 3414 530 3473 opus
553 3402 597 3456 est
620 3415 638 3455 a
659 3396 833 3472 paedagogo
863 3396 950 3467 solvi3
979 3395 1004 3454 si
1036 3397 1112 3456 enim
1141 3397 1287 3472 paedago-

2 3480 30 3585 ζ
112 3519 170 3578 gns
201 3500 305 3577 aliquis
336 3501 481 3561 hominem
512 3501 644 3559 adultum
673 3499 911 3559 inoboedientia
938 3504 1059 3560 externa
1082 3501 1172 3560 vellet
1197 3501 1288 3559 oonti-

12 3656 28 3669 ,
111 3623 199 3682 nere,
230 3604 419 3681 paedagogus
457 3604 520 3680 ipse
556 3604 707 3663 obstaonlo
744 3602 874 3679 perfeeto
904 3602 994 3662 statui
1031 3604 1165 3679 discipuli
1202 3608 1287 3677 esset,

2 3692 17 3793 J
112 3725 174 3786 qua
194 3728 226 3767 re
242 3707 348 3768 dioitnr
362 3708 426 3767 Gal.
443 3709 472 3785 4,
490 3708 531 3785 5.,
549 3705 684 3766 debuisse
699 3706 828 3767 Judaeos
843 3705 974 3784 liberari,
994 3702 1053 3768 ἵνα
1067 3701 1121 3788 τὴν
1135 3701 1288 3769 elabentes

2 3804 14 3899 ¹,
112 3806 316 3893 ἀπολάβωμεν
338 3828 447 3871 omnes.
492 3812 532 3869 Ut
553 3811 758 3886 paedagogum
781 3814 877 3868 antem
900 3810 1010 3869 Paulus
1036 3809 1099 3885 ipse
1122 3805 1174 3871 τὸυ
1199 3805 1288 3891 νόμον

1 3906 3 3911 ⁴
111 3915 214 3991 magni
242 3913 419 3987 aestimavit3
449 3915 544 3990 legem
573 3913 723 3991 soriptam,
756 3908 883 3987 quinque
918 3912 1031 3972 soilioet
1063 3912 1153 3973 Mosis
1186 3912 1285 3991 libros,

2 4064 4 4087 ,
112 4037 324 4095 saepenumero
346 4023 436 4080 testes
459 4017 528 4077 feeit
550 4036 649 4095 eornm
671 4033 745 4091 quae
761 4015 917 4075 lectoribus
937 4014 1102 4101 christianis
1118 4015 1286 4094 explicavit,
1332 4022 1336 4031 “

2 4150 3 4167 1
113 4124 198 4183 velut
212 4123 235 4181 Ι.
253 4121 317 4181 Oor.
334 4125 362 4201 9,
380 4125 409 4183 9.
428 4121 479 4194 13;
505 4122 553 4199 10,
576 4122 676 4184 1-11
702 4114 817 4202 (ταῦτα
839 4115 872 4182 δὲ
886 4115 973 4180 τύποι
993 4111 1076 4201 ἡμῶν
1099 4096 1291 4201 ἔγεντ’ῗυησαυΙ

207 4259 224 4326 1)
243 4258 284 4313 Of.
304 4258 398 4323 11αα1ε,
416 4257 433 4311 l.
453 4272 474 4310 a.
493 4254 509 4324 ἕ
527 4255 567 4310 21.
587 4254 628 4309 28.
646 4283 679 4292 -
698 4250 718 4321 ⁹)
738 4252 781 4306 Ad
792 4256 841 4308 τῶν
852 4248 1023 4323 repansiones
1035 4248 1106 4322 χάριν
1118 4258 1146 4308 et
1158 4257 1287 4323 παιδαγω·

113 4333 160 4414 γᾶς
178 4344 209 4397 cf.
233 4340 322 4410 Ueteri,
341 4345 358 4398 l.
377 4361 399 4398 c.
417 4361 443 4412 p.
462 4342 564 4396 66-69
583 4350 611 4395 et
631 4341 718 4393 ariete
736 4339 753 4392 l.
774 4355 795 4392 c.
813 4357 840 4408 p.
858 4339 967 4393 31-39.

169 4437 196 4483 G.
210 4439 442 4489 Sohnedermsnu‚
453 4439 485 4478 De
499 4437 548 4478 ridel
561 4439 648 4477 notione
656 4436 754 4476 Paulina.
914 4442 917 4447 ·
1069 4428 1084 4479 2
