3050 4848
673 310 884 369 ..14-

190 477 253 538 fieri
274 477 416 537 hominem
440 470 472 552 ἐξ
495 471 586 558 ἔργων
609 471 709 557 νόμου,
733 479 800 551 quin
823 478 936 536 omniuo
959 494 1015 537 non
1033 478 1142 549 iustum
1160 475 1224 536 fieri
1243 478 1297 536 uisi
1319 476 1369 538 δια

191 578 320 653 πίστεως
341 564 412 639 lesu
434 578 550 654 Christi,
573 578 649 638 unde
671 580 850 652 intelligitur,
873 580 1018 652 putavisse
1040 579 1221 639 adversarios
1250 584 1280 639 et
1300 596 1366 654 pro·

190 684 310 768 tulisse„
323 699 414 758 opera
434 682 506 756 legis
528 682 609 756 quasi
632 687 682 741 aut
697 680 804 740 fontem
820 686 869 740 aut
884 684 1033 742 materiem
1048 682 1177 754 justitiae
1193 699 1269 753 esse3
1292 682 1368 755 quod

192 791 280 860 negat
301 786 423 845 Paulus:
455 802 547 860 neque
570 785 678 845 sontem
705 801 797 858 neque
825 787 974 845 materiam
1004 787 1119 845 omnino
1148 802 1211 845 esse
1238 786 1367 857 justitiae

192 895 311 948 nostrae
341 890 397 948 nisi
419 889 474 948 Dei
504 889 640 962 gratiam3
677 888 729 947 sed
755 905 792 946 ne
819 889 1037 948 instrumentum
1064 889 1180 964 quidem
1210 883 1285 967 (διά)
1317 888 1366 946 ob·

193 991 331 1054 tinentiae
343 992 472 1064 justitiae
488 1008 550 1052 esse
566 1007 668 1065 opera3
690 991 782 1050 solum
803 990 944 1062 ejusmodi
958 993 1179 1073 instrumentum
1194 1008 1257 1050 esse
1271 989 1366 1062 fidem,

146 1149 149 1155 .
194 1096 270 1154 unde
292 1095 445 1154 adhibetur
471 1089 630 1171 tracta,
655 1094 703 1156 14.
748 1094 822 1167 Quid
852 1112 922 1154 vero
952 1094 1073 1154 Paulum
1095 1099 1204 1169 movet,
1236 1099 1269 1152 ut
1296 1093 1368 1152 talia

189 1199 365 1274 pronuntiet,
384 1202 471 1272 atque
485 1197 554 1270 quid
570 1194 708 1272 proferet,
730 1197 780 1256 ubi
795 1197 952 1258 adversarii
967 1215 1003 1257 ex
1018 1215 1052 1257 eo
1068 1202 1214 1272 quaerent,
1238 1213 1290 1256 cur
1304 1212 1364 1254 rem

190 1302 232 1360 ita
253 1318 284 1360 se
307 1299 415 1360 habere
438 1299 534 1360 dicat?
555 1301 622 1359 Non
645 1284 757 1375 profert
779 1305 914 1374 tanquam
937 1292 1027 1359 solam
1049 1302 1097 1359 vel
1110 1301 1232 1374 primam
1249 1315 1366 1358 eausam

189 1420 302 1464 versum
332 1403 411 1462 illum
444 1402 610 1477 Scripturas
642 1403 748 1462 Sacrae
778 1398 853 1465 διότι
885 1398 941 1479 „effi
964 1398 1055 1486 ἔργων
1079 1398 1171 1484 νόμου
1194 1398 1226 1465 οὐ
1248 1402 1365 1465 δικαιω-

189 1501 323 1589 &quercu
344 1506 430 1568 πᾶσα
452 1500 560 1587 σάρξ“,
585 1523 666 1580 quem
690 1523 725 1565 ne
748 1508 895 1565 inventum
917 1508 1031 1579 quidem
1056 1524 1118 1566 esse
1140 1509 1169 1564 in
1184 1508 1288 1566 Vetere
1312 1506 1366 1564 Te·

190 1615 331 1670 sumente
354 1626 411 1668 uon
433 1626 535 1684 urgeo:
558 1610 631 1668 sicut
646 1609 777 1668 omuibus
792 1610 870 1683 lociS,
894 1626 930 1667 ne
952 1610 1008 1668 hoc
1030 1610 1143 1683 quidem
1165 1610 1272 1669 Paulus
1294 1610 1365 1668 satis

189 1730 220 1772 se
243 1712 345 1772 fecisse
367 1716 459 1787 putat,
491 1713 515 1770 si
538 1713 686 1772 enuntiata
707 1711 874 1786 scripturae
897 1711 1003 1771 Sacrae
1025 1713 1157 1772 attulerit
1170 1708 1207 1788 ¹);
1239 1711 1365 1791 secundo

191 1815 341 1874 dumtaxat
362 1816 426 1875 locu
449 1814 534 1874 affert
556 1832 666 1874 summa
688 1820 768 1874 certe
791 1813 904 1889 fiducia,
931 1817 972 1874 ita
993 1831 1071 1891 vero,
1098 1820 1130 1874 ut
1152 1817 1274 1889 primum
1297 1816 1366 1873 reti·

190 1922 260 1977 neat
281 1918 375 1977 locum
398 1918 613 1978 ratiocinationi
635 1919 722 1976 animi
738 1919 781 1977 sui
796 1919 884 1993 ipsius
898 1916 1002 1978 fidelis.
1039 1913 1167 1991 Εἰδότες
1182 1919 1258 1977 euim
1273 1918 1366 1992 primo

190 2022 268 2094 dicit,
291 2016 367 2083 διότι
388 2022 499 2082 scilicet
520 2019 687 2103 γέγραπται
709 2022 834 2080 secundo
856 2022 930 2082 loeo.
967 2023 1033 2081 Non
1061 2039 1129 2081 vero
1156 2023 1213 2080 alia
1234 2023 1291 2080 erit
1311 2021 1366 2080 hoc

190 2126 254 2184 loco
276 2126 473 2198 ratiocinatio,
503 2142 590 2199 quam
611 2124 697 2184 haee:
730 2125 804 2184 sicut
830 2123 928 2183 fideles
955 2125 1011 2198 ipsi
1038 2127 1150 2199 experti
1172 2127 1229 2184 sint
1252 2123 1365 2205 (sciant,

191 2226 226 2288 oi.
249 2245 338 2302 supra
358 2245 424 2303 pag.
441 2228 486 2304 7),
519 2245 548 2287 se
575 2228 669 2301 iustos
699 2245 756 2287 nou
783 2227 875 2287 factos
907 2244 969 2288 esse
992 2228 1050 2287 suis
1072 2230 1200 2302 ipsorum
1220 2228 1366 2302 operibus,

191 2333 231 2391 'ta
252 2333 366 2393 omnino
392 2348 486 2405 neque
507 2329 570 2391 fieri
592 2347 685 2405 oeque
712 2331 835 2405 cogitari
856 2348 955 2408 posse,
985 2331 1129 2392 hominem
1155 2332 1292 2404 injustum
1314 2347 1365 2389 un·

191 2451 275 2509 quam
309 2440 353 2494 tot
380 2439 411 2495 et
437 2435 508 2493 talia
533 2450 623 2508 opera
647 2436 738 2507 justa,
772 2436 840 2509 quin
862 2435 950 2494 ullum
972 2436 1030 2495 tale
1057 2451 1127 2509 opus
1155 2432 1301 2509 proferre,
1333 2439 1365 2492 ut

187 2538 282 2611 Justus
303 2536 369 2612 fiat,
400 2536 479 2597 velut
505 2537 635 2596 Christus
659 2537 783 2612 dixerat,
815 2555 870 2598 non
898 2555 982 2612 posse
1012 2539 1145 2597 arborem
1175 2537 1280 2596 malam
1309 2553 1365 2596 nou

190 2642 279 2699 malos
302 2639 413 2699 fructus
434 2639 575 2714 proferre.
612 2641 767 2714 Nunquam
789 2659 826 2701 ex
847 2642 967 2714 singulis
988 2640 1125 2717 operibus
1139 2641 1212 2714 legis
1229 2645 1364 2713 tanquam

189 2761 225 2803 ex
247 2745 368 2804 materia
385 2745 528 2817 justitiam
549 2745 639 2819 ipsam
662 2745 837 2807 habitualem
859 2745 905 2804 vel
927 2745 1108 2804 essentialem
1131 2744 1263 2817 componi
1278 2758 1363 2817 posse

190 2863 273 2906 nemo
296 2848 414 2920 estqui
437 2850 530 2923 neget,
553 2847 656 2906 nedum
679 2843 829 2908 christiani
851 2848 953 2921 quibus
976 2848 1098 2921 epistola
1120 2848 1205 2906 missa
1227 2852 1271 2906 est
1285 2843 1322 2925 ρ).

260 2950 338 3027 λιιι]
361 2951 539 3025 intelligitur,
567 2951 634 3024 quid
655 2950 727 3010 fides
748 2967 806 3009 nou
828 2951 878 3009 sit:
905 2967 964 3012 non
987 2957 1031 3009 est
1052 2953 1082 3009 iu
1104 2966 1225 3011 numero
1247 2964 1365 3022 operum

189 3052 363 3127 singulorum
385 3053 469 3127 legis3
491 3070 549 3112 non
571 3059 615 3112 est
636 3051 708 3112 fides
731 3053 871 3127 ejusmodi
886 3070 967 3127 opus,
990 3054 1124 3127 qusquis
1140 3053 1208 3112 velit
1224 3052 1365 3125 justitiam

188 3157 335 3231 propriam
364 3156 419 3215 sibi
449 3157 511 3230 ipse
543 3155 667 3216 efficere.
712 3157 818 3216 Contra
844 3158 934 3215 solum
962 3162 992 3216 et
1019 3174 1117 3217 verum
1143 3157 1364 3241 instrumentum

189 3263 245 3332 est,
276 3275 332 3333 quo
352 3259 469 3332 iustitia
489 3257 646 3319 obtinetur.
689 3259 798 3318 Tamen
824 3276 882 3318 non
912 3261 1002 3319 solum
1028 3254 1248 3333 particulabrci
1274 3260 1364 3317 utitur

190 3362 306 3442 Paulus,
337 3362 387 3421 sed
410 3363 497 3421 etiam
520 3363 605 3436 paulo
631 3369 696 3436 post
725 3363 824 3422 eodem
855 3379 939 3422 uersu
961 3363 1023 3425 Gal.
1047 3364 1075 3435 2,
1101 3364 1139 3422 16
1163 3361 1301 3422 vocabulo
1324 3355 1364 3436 ἐξ,

189 3470 221 3523 ut
236 3465 323 3524 etiam
340 3463 448 3525 iontem
459 3466 589 3539 justitiae
604 3464 690 3524 fidem
706 3466 914 3540 quodammodo
929 3466 1070 3540 appellari
1082 3483 1166 3540 posse
1182 3464 1363 3527 confiteatur.

189 3567 297 3640 Quodsi
319 3570 461 3629 actionem
483 3568 563 3626 illam
586 3568 737 3628 humanam
760 3568 883 3629 fortasse
898 3569 927 3627 in
943 3571 1039 3629 animo
1054 3569 1153 3628 habuit
1169 3586 1254 3644 quam
1277 3585 1364 3642 supra
1447 3642 1448 3648 ἵ

189 3672 348 3746 posuimus,
378 3674 439 3732 sine
463 3670 549 3732 dubio
571 3671 613 3729 ita
636 3672 733 3732 dicore
756 3673 886 3747 apostolo
913 3673 1010 3743 licuit3
1043 3674 1067 3730 si
1095 3673 1171 3732 enirn
1193 3672 1265 3731 fides
1288 3672 1364 3731 aetio

190 3778 235 3831 est
258 3776 419 3835 assumendi
441 3777 504 3854 Dei,
535 3775 591 3835 dici
613 3782 709 3849 potest
736 3781 767 3835 et
787 3775 826 3852 id,
857 3792 912 3850 quo
935 3770 1008 3853 (διά)
1031 3775 1115 3836 homo
1137 3780 1263 3835 assumat
1281 3776 1365 3848 jnsti-

278 3960 296 4028 ¹)
316 3959 394 4026 Quod
417 3960 525 4028 quidem
544 3962 629 4011 lminer
650 3959 756 4014 uidetur
780 3960 936 4014 existimare
954 3961 971 4014 l.
990 3977 1012 4014 c.
1030 3977 1056 4030 p.
1070 3960 1119 4014 251
1131 3975 1167 4014 ss.
1203 3960 1289 4010 litote
1300 3976 1364 4014 uero

188 4061 212 4099 v.
231 4045 256 4099 d.
275 4044 292 4098 l.
310 4046 328 4100 l.
347 4063 372 4114 p.
391 4045 419 4100 7:
447 4048 516 4112 „Der
533 4049 607 4098 blasae
625 4046 802 4111 Schriftbeweis
819 4058 903 4097 eructat
920 4049 957 4096 tei
974 4047 1005 4100 P.
1023 4048 1121 4097 niernulu
1139 4048 1183 4096 dea
1200 4047 1302 4111 irruerem,
1321 4048 1364 4095 deu

188 4150 233 4182 oua
259 4132 302 4182 der
320 4132 397 4183 Saule
418 4135 489 4185 selbot
512 4135 650 4186 dialectici
671 4144 839 4184 eamommeueu
862 4135 913 4184 urzd
931 4136 1059 4199 yepebenen
1082 4133 1201 4186 Beweis.“
1284 4131 1305 4200 2)
1324 4131 1362 4184 Cf.

182 4217 322 4272 ⁴lirummii
339 4217 557 4289 dissertationem
575 4235 659 4288 supra
680 4219 832 4287 laudatam,
863 4220 1024 4288 praesertim
1042 4236 1068 4287 p.
1087 4218 1120 4272 at
1139 4234 1159 4272 s.
1195 4217 1281 4273 Nimis
1299 4233 1364 4272 uero

190 4304 314 4359 morbum
333 4304 501 4373 spiritualem
516 4305 633 4362 hominis
644 4305 751 4375 premit,
769 4306 903 4360 nonsatis
916 4305 988 4375 dicit,
1005 4305 1136 4373 injustum
1148 4303 1284 4358 hominem
1296 4319 1363 4359 esse.
