3050 4848
668 277 880 338 ..12-

188 436 250 512 ipse
280 444 325 498 est
350 442 426 501 actio
449 443 589 517 quaedam
611 461 663 518 per
689 446 806 520 longum
827 451 939 519 tempus
964 446 1147 520 continuata,
1177 441 1362 520 intelligetur,

189 539 295 600 fidem
325 546 460 604 omnino
488 564 567 613 5555
594 548 772 607 actionem
804 548 975 623 quandam
1006 547 1196 626 1155515151)
1224 550 1267 608 ab
1297 566 1364 608 uuo
1472 580 1474 583 ·

188 648 361 719 temporis
388 654 565 709 momento
591 650 825 726 incipientem
856 657 889 710 et
917 669 978 726 per
1009 656 1117 711 totam
1145 654 1253 711 vitam
1282 669 1363 726 per-

188 754 341 824 gentem,
364 768 433 825 qua
454 752 521 811 Dei
542 755 694 827 gratiam
716 757 750 813 in
771 754 856 814 Jesu
871 753 1012 814 Christo
1036 755 1190 814 oblatam
1213 762 1366 814 assumat
1432 794 1439 809 .

189 857 222 910 et
252 854 285 910 in
313 853 418 913 Deum
449 857 563 915 solum
594 873 629 915 se
655 861 767 917 totum
799 857 950 931 dirigat,
986 874 1050 916 non
1083 875 1123 916 ex
1150 860 1225 917 suis
1255 859 1365 931 ipsius

188 955 337 1028 viribus,
369 957 429 1016 sed
461 957 620 1032 Spiritus
650 959 787 1022 Sancti.
830 960 985 1020 Assumere
1012 962 1087 1019 enim
1115 963 1197 1019 etin
1220 961 1310 1020 Deum
1334 978 1364 1019 se

191 1056 793 1135 (11155555551555551555155515111,
824 1062 876 1121 sed
902 1069 1005 1137 postea
1031 1064 1061 1122 id
1088 1063 1163 1137 quod
1192 1068 1367 1138 assumptum
1395 1137 1398 1143 Ι

190 1166 233 1219 551
255 1162 379 1222 tenendo
401 1181 515 1238 semper
537 1166 629 1225 denuo
651 1168 813 1238 assumitur,
841 1166 917 1226 5115
939 1167 970 1224 in
989 1184 1075 1245 vquem
1098 1185 1128 1226 se
1152 1167 1258 1227 direxit
1279 1168 1364 1226 bomo

190 1281 274 1341 quum
296 1282 353 1328 nou
376 1266 501 1329 declinet
523 1285 636 1346 semper
657 1271 682 1328 is
704 1275 749 1329 est
770 1270 799 1328 in
822 1286 905 1348 quem
928 1287 958 1333 se
982 1271 1074 1347 denuo
1098 1269 1203 1346 dirigit.

674 1518 877 1542 ”buu—*unv-

754 1753 804 1835 ll.

278 1891 410 1954 Secundo
432 1893 592 1969 quaeritur,
623 1911 690 1952 num
713 1894 743 1952 io
766 1895 894 1969 epistolis
917 1895 953 1954 ad
977 1889 1123 1958 Galatas
1155 1888 1364 1957 Corinthius

192 1991 368 2060 Romanus
391 1997 505 2069 scriptis
531 1996 618 2055 rebus
648 1999 881 2072 temporibusque
909 2000 1025 2056 mutatis
1051 1991 1130 2057 notio
1157 1997 1224 2056 fidei
1246 1996 1367 2055 Paulina

191 2099 317 2160 fortasse
340 2102 505 2172 permutata
526 2106 576 2157 aut
597 2100 682 2172 plane
704 2100 913 2160 511515515511.
950 2102 1086 2173 Quamvis
1109 2101 1185 2159 enim
1200 2099 1277 2173 quod
1291 2101 1367 2158 iuter

189 2204 242 2262 bas
265 2203 380 2261 5111155
402 2203 540 2277 epistolas
562 2204 684 2262 interest
706 2204 887 2262 intervallum
910 2205 996 2261 trium
1019 2204 1064 2262 rel
1087 2205 1211 2277 quinque
1227 2220 1367 2262 annorum

191 2324 248 2365 nou
270 2322 402 2379 magnum
427 2305 557 2389 uideatur
581 2323 659 2378 esse,
688 2309 784 2365 tamen
806 2306 888 2364 rixae
912 2307 993 2366 ortae
1020 2312 1086 2365 sunt
1108 2307 1247 2365 maximae
1270 2311 1370 2383 5155-Ι

192 2410 430 2481 hamentissimae,
454 2408 555 2482 quibus
570 2408 691 2467 fortasse
707 2409 812 2467 Paulus
829 2390 985 2468 commotus
1000 2409 1145 2468 notionem
1160 2407 1227 2468 fidei
1242 2424 1368 2468 eommu-

192 2513 273 2571 tavit.
318 2511 410 2584 uuio?
454 2513 582 2570 Rectene
607 2512 750 2584 judicant,
781 2514 829 2586 qui
856 2512 976 2570 Paulum
1007 2512 1071 2570 11155
1101 2512 1238 2586 epistolas
1269 2513 1368 2571 nolunt

192 2615 362 2689 scripsisse?

278 2718 399 2776 Multum
429 2735 497 2778 sane
519 2720 643 2778 interest
669 2721 746 2777 inter
768 2719 841 2778 baec
863 2719 920 2778 duo
941 2736 1050 2792 genera
1072 2719 1266 2793 epistolarum,
1291 2717 1369 2790 quod

193 2822 230 2880 ad
252 2821 402 2880 consilium
424 2822 537 2894 attinet,
559 2840 615 2895 quo
637 2825 763 2896 scriptae
786 2828 851 2881 sunt
874 2822 1020 2896 epistolae.
1054 2822 1163 2880 1111515
1186 2823 1234 2895 qui
1254 2822 1370 2895 scripsit

194 2923 498 2983 Thessalonicensibus
521 2925 557 2982 de
579 2926 639 2983 5115
661 2926 890 2998 christianorum,
921 2926 955 2983 dc
983 2924 1041 2983 fide
1063 2930 1093 2982 et
1114 2942 1165 2998 spe
1187 2929 1217 2982 et
1239 2925 1370 2999 caritate,

194 3027 315 3101 denique
338 3028 373 3086 de
396 3026 452 3086 fide
474 3029 626 3102 probanda
646 3029 761 3102 regulas
784 3030 922 3101 quasdam
950 3029 1047 3102 mittit,
1077 3029 1124 3085 hic
1147 3028 1182 3086 de
1205 3026 1261 3086 fide
1284 3028 1371 3102 longa
1407 3026 1409 3030 ”

194 3131 373 3204 expositione
397 3131 557 3205 dogmatice
580 3132 749 3206 disputatur.
788 3131 844 3190 Sed
860 3131 979 3189 Paulum
1001 3148 1058 3189 non
1073 3131 1199 3204 potuisse
1221 3130 1271 3189 illo
1286 3131 1370 3190 modo

190 3234 336 3294 interdum
351 3236 487 3312 scribere,
503 3252 539 3294 ex
551 3251 614 3294 mea
623 3236 759 3309 opinione
772 3234 988 3308 dijudicantium
1000 3251 1080 3293 more
1095 3251 1204 3307 negare
1220 3250 1277 3292 uon
1292 3236 1369 3296 licet.

282 3420 633 3489 ι11115551155511551555
656 3420 801 3475 nonnullos
823 3419 922 3473 afferre
944 3424 1035 3473 testea.
1077 3418 1153 3470 Weiss
1172 3419 1199 3485 (1.
1219 3435 1240 3472 c.
1264 3408 1298 3486 p.'
1310 3419 1369 3484 212)

195 3506 228 3562 de
246 3505 531 3561 Thessalonicensibus
548 3506 669 3575 epistolis
687 3505 807 3560 scribens
825 3505 903 3559 dicit:
933 3506 1036 3570 „Dolor
1052 3506 1117 3554 tana
1135 3506 1178 3555 der
1199 3504 1288 3555 Glaeba
1309 3507 1370 3555 auct

194 3595 319 3644 betrocltet
342 3595 434 3644 15515155
455 3595 494 3644 515
516 3595 554 3643 dr'e
576 3604 635 3643 erate
659 3595 709 3642 und
731 3593 912 3657 nothwendipste
929 3592 1069 3656 heistuay.“
1104 3590 1189 3644 Simili
1211 3589 1298 3658 modo,
1317 3607 1369 3657 quo

195 3696 245 3747 ego
264 3679 359 3748 scripsi
387 3679 420 3733 de
443 3678 549 3735 actione
568 3677 707 3746 credendi,
734 3677 835 3728 Zuckler
853 3676 894 3730 De
917 3675 944 3728 ri
966 3692 998 3729 ae
1020 3676 1131 3731 notione
1155 3675 1277 3730 vocabuli
1301 3676 1372 3739 ἐλπ1ς

196 3765 301 3833 (Gissae
320 3766 406 3834 1856),
424 3783 449 3834 p.
470 3765 502 3819 25
520 3765 553 3818 ct.
571 3764 606 3818 88
623 3781 643 3818 s.
663 3764 791 3819 describit
813 3762 937 3831 „actum“
956 3761 1090 3831 sperandi,
1115 3750 1283 3830 spiritualem
1301 3761 1370 3815 scili-

196 3855 247 3906 cet.
283 3850 331 3919 uf,
350 3851 483 3921 quomodo
501 3852 622 3901 Loelcrdr
640 3867 664 3903 5.
683 3851 708 3903 d.
726 3850 754 3902 in
773 3849 959 3903 dissertatione
983 3849 1026 3901 cui
1043 3847 1210 3903 inscribitur:
1238 3847 1370 3917 ἔργοντοῦ

195 3940 254 3993 θεοῦ
273 3937 332 4001 und,
347 3939 429 4000 πίστις
450 3938 543 4003 (Theoi.
562 3936 633 3988 Stud.
652 3955 674 3990 u.
693 3938 758 3987 Krir.
779 3934 855 3999 1852,
870 3954 897 4000 p.
912 3932 969 3984 333
981 3936 1023 3999 rs)
1045 3941 1072 3988 et
1090 3936 1118 3987 iu
1136 3933 1325 3988 commentario
1337 3933 1370 3987 de

197 4024 338 4093 evangelio
361 4024 482 4093 loannis,
506 4023 546 4077 ed.
565 4023 609 4092 11.,
631 4029 694 4077 tom.
714 4023 743 4091 1.,
762 4039 787 4092 p.
806 4021 857 4076 495
875 4037 897 4074 5.
921 4037 956 4075 ex
974 4020 1088 4088 loanne,
1107 4019 1269 4088 praesertim
1286 4020 1310 4087 a,
1329 4020 1369 4087 29,

197 4110 309 4166 eandem
335 4111 456 4179 explicet
480 4109 544 4165 fidei
574 4110 723 4164 notionem:
757 4110 820 4176 „dor
851 4109 905 4158 dero
935 4107 1063 4174 9611115155
1087 4104 1293 4157 Jaeoesvalalra
1322 4116 1370 4156 551-

195 4198 337 4264 aprcebeade
360 4198 564 4248 Licbcauerlialtcn
590 4198 632 4247 des
655 4196 812 4260 Meneclem‘,
840 4194 910 4249 sieut
932 4194 1013 4249 etiam
1036 4193 1118 4261 Meyer
1141 4192 1176 4246 ad
1193 4192 1217 4260 6,
1234 4193 1277 4245 29:
1308 4194 1370 4256 „das

201 4283 274 4336 Werk
294 4285 342 4350 (die
359 4284 460 4335 51111515
482 4283 555 4349 Thai)
575 4284 617 4334 dea
637 4282 780 4337 Glaubeua.“
815 4280 855 4336 Of.
874 4280 1013 4336 Calvinum
1031 4278 1066 4334 ad
1084 4278 1117 4333 II·
1131 4278 1225 4334 Thess.
1240 4277 1263 4347 l,
1277 4277 1318 4332 11.
