3050 4848
632 354 822 417 ...3-

226 528 305 586 Idem
328 542 397 585 vero
420 524 572 584 discrimen
587 524 694 584 Paulus
709 525 782 583 dixit
795 541 859 583 esse
881 525 910 582 in
932 526 991 583 vita
1012 524 1137 582 omniurn
1153 529 1314 583 ceterorum

141 632 333 703 Judaeorum,
366 630 412 703 qui
441 626 555 686 Christo
583 627 755 686 serviebant.
789 624 857 686 'Eos
885 632 915 685 et
937 628 1015 700 ipsos
1042 627 1127 700 plane
1155 627 1184 683 in
1211 643 1314 684 novum

141 737 217 794 vitae
247 736 355 792 statum
386 733 531 805 ingressos
563 747 639 804 esso,
674 748 710 789 ex
742 730 814 788 falso
847 730 957 788 scilicet
989 731 1018 787 in
1051 747 1149 789 verum
1182 728 1313 788 credidit.

141 839 246 897 Omnes
268 840 365 896 autem
387 851 444 894 eos
457 833 589 905 Iudaeos,
612 835 660 908 qui
682 832 768 892 iidem
790 832 896 892 Christi
919 833 1070 910 denegent,
1094 834 1215 891 salutem
1238 833 1314 890 acci-

140 958 210 1015 pere
231 944 327 1015 negat.
371 939 471 1012 itaquo
498 936 584 996 fidem
612 936 744 995 nonsibi
768 936 829 1008 soii,
856 934 908 994 sed
929 935 1061 994 omuibus
1083 935 1202 993 Judaeis
1225 936 1314 994 solum

140 1061 202 1103 esso
224 1042 396 1117 principium
418 1042 494 1100 vitae
517 1037 704 1098 confirmavit.
749 1039 822 1111 Quia
844 1055 912 1098 vero
935 1038 1029 1110 legem
1051 1038 1209 1097 Mosaicom
1232 1039 1315 1097 multi

140 1146 288 1208 malebant
308 1144 464 1205 observare
487 1160 571 1217 quam
594 1142 737 1202 Christum
761 1144 902 1216 accipere,
925 1139 1010 1200 fidem
1033 1146 1063 1200 et
1084 1143 1207 1215 gratiam
1230 1158 1314 1215 prae·

141 1250 247 1310 dicavit
268 1249 326 1324 legi
348 1264 412 1308 esse
435 1248 603 1321 oppositam.
1373 1226 1375 1231 ’

225 1354 321 1427 Atque
356 1350 486 1426 gentium
522 1350 684 1423 apostolum
714 1366 746 1407 se
780 1322 943 1422 appellavit.
991 1348 1132 1409 Gentibus
1162 1342 1316 1430 ὀφειλέτην

59 1484 64 1490 ’
141 1474 172 1515 se
206 1472 268 1515 esse
300 1455 384 1526 dicit,
417 1458 449 1511 ut
479 1452 623 1511 Christum
654 1451 803 1525 praedicet
835 1457 863 1510 et
892 1451 985 1511 fidem.
1034 1452 1087 1524 Qui
1119 1469 1155 1510 ex
1184 1451 1316 1525 gentibus

141 1560 284 1618 Christum
308 1560 486 1630 agnoverant
509 1554 652 1612 dominum
675 1554 740 1627 fide,
764 1555 799 1612 iis
823 1560 853 1613 et
873 1556 943 1629 ipsis
965 1554 1000 1613 de
1023 1571 1128 1629 magno
1150 1555 1199 1613 illo
1215 1554 1315 1614 discri-

141 1666 218 1721 mine
240 1661 353 1731 scribit3
376 1656 451 1721 ποτέ
470 1658 543 1716 enirn
560 1674 609 1716 eos
631 1663 762 1716 versatos
785 1674 849 1716 esse
871 1658 1053 1733 inpeccatis,
1074 1657 1124 1719 νῦν
1137 1659 1166 1715 in
1181 1656 1237 1717 fide
1251 1675 1315 1716 ver-

142 1767 202 1824 sari
225 1769 254 1823 et
276 1764 313 1823 ob
336 1779 400 1824 eam
422 1779 484 1822 rem
507 1762 628 1820 salutem
650 1760 758 1819 habere
782 1760 857 1838 (Gal.
881 1762 909 1818 3.
931 1760 1005 1834 Eph.
1028 1761 1057 1820 2.
1079 1762 1102 1821 1.
1125 1760 1191 1823 Cor.
1214 1763 1242 1832 6,
1267 1762 1314 1819 11.

141 1869 197 1929 Tit.
214 1868 242 1942 3,
259 1868 277 1924 3
294 1869 339 1942 a).
373 1866 473 1939 Itaque
492 1869 620 1940 apparet,
643 1859 764 1923 Paulum
779 1863 941 1922 firmissime
964 1864 1130 1937 credidisse,
1152 1881 1208 1922 non
1231 1881 1316 1938 posse

141 1987 310 2045 quemquam
333 1985 425 2043 neque
445 1969 553 2040 justum
577 1984 669 2041 neque
691 1968 797 2026 bonum
822 1984 885 2026 esse
907 1983 1000 2041 neque
1015 1967 1078 2026 Deo
1094 1969 1209 2041 placere
1224 1983 1316 2041 neque

141 2076 230 2132 vitam
253 2079 402 2132 aeternam
423 2069 531 2130 babere
553 2072 607 2130 nisi
630 2063 686 2129 fide
711 2071 881 2148 christiana,
903 2073 1020 2143 longum
1035 2072 1137 2130 abesse
1153 2087 1209 2129 non
1225 2071 1316 2128 solum

141 2194 159 2235 a
181 2177 344 2250 cognitione
366 2175 510 2247 veritatis,
537 2174 587 2232 sed
610 2174 695 2232 etiam
719 2174 868 2245 ajustitia
889 2178 920 2232 et
942 2176 1048 2245 salute,
1077 2174 1125 2248 qui
1148 2190 1166 2231 a
1187 2172 1242 2231 fide
1265 2173 1316 2231 ab·

140 2282 190 2338 sit:
223 2296 258 2339 ex
280 2278 337 2338 fide
361 2279 424 2337 sola
445 2279 544 2337 venire
567 2277 651 2335 nobis
666 2276 818 2334 veritatem
841 2281 871 2335 et
889 2277 1031 2349 justitiam
1054 2282 1084 2336 et
1106 2278 1236 2339 salutem.
1274 2276 1316 2335 Cf.

140 2381 203 2443 Gal.
227 2382 256 2456 2,
280 2383 329 2445 16.

226 2486 332 2544 Paulus
354 2485 439 2544 homo
462 2483 605 2544 hebraeus
627 2482 683 2543 iuit
703 2484 819 2557 linguae
841 2499 963 2557 graecae
984 2485 1103 2558 peritus.
1141 2483 1317 2543 Vocabulum

140 2585 269 2660 πίστεως
292 2589 402 2661 accepit
424 2587 624 2661 aparentibus
645 2588 704 2646 suis
727 2591 758 2645 et
780 2586 888 2645 civibus
910 2591 991 2645 certo
1014 2587 1138 2661 quodam
1159 2603 1245 2646 sensu
1267 2603 1316 2645 ue*

140 2710 193 2766 que
215 2690 312 2765 potnit
333 2706 391 2747 non
418 2688 518 2748 eodem
545 2707 630 2748 sensu
659 2687 796 2748 adhibere
825 2705 881 2761 qno
903 2690 955 2748 iili.
999 2688 1167 2750 dGrnecis
1196 2691 1316 2767 accepit,

140 2793 250 2869 πίστιν,
283 2792 351 2867 quia
374 2810 436 2851 cum
460 2787 576 2855 nethota
598 2797 628 2850 et
649 2789 827 2853 aenoubdvou
853 2792 1021 2866 cohaereat,
1055 2793 1091 2852 de
1114 2811 1149 2853 eo
1172 2793 1317 2852 enuntiari

139 2900 184 2958 cui
207 2898 243 2955 de
266 2896 363 2970 aliqua
377 2913 410 2955 re
425 2911 594 2968 persuasum
610 2896 648 2953 sit
668 2896 714 2953 vel
730 2896 778 2969 qui
798 2896 884 2954 alicui
900 2896 1031 2956 confidat.
1068 2897 1229 2956 AJudaeis
1249 2912 1318 2955 vero

140 3004 260 3075 accepit,
281 3001 419 3074 optimam
441 3004 472 3057 et
493 3015 590 3058 veram
614 2996 700 3058 fidem
724 3015 786 3058 esse
810 3000 840 3057 iu
864 3016 907 3073 eo,
936 3001 983 3073 qui
1005 3000 1059 3060 soli
1081 3001 1145 3060 Deo
1168 3017 1235 3058 vero
1251 3016 1318 3059 cou-

61 3126 66 3133 ·
139 3105 211 3164 fidat
232 3103 318 3178 idque
340 3101 518 3173 firmissime3
540 3101 596 3160 hoc
616 3103 692 3160 enim
707 3119 742 3160 ex
757 3102 897 3161 vocabulo
914 3115 1012 3189 pupas}
1030 3109 1116 3177 atque
1132 3121 1167 3162 en
1186 3105 1318 3162 versione

140 3208 322 3282 septuaginta
343 3207 532 3279 interpretum
555 3205 656 3264 didicit
665 3199 700 3286 ¹).
745 3205 823 3277 Quae
847 3183 1018 3280 quamquam
1036 3208 1216 3266 utilissimum
1240 3206 1318 3265 esset

141 3310 316 3383 perscrutari
328 3305 364 3389 ²),
386 3314 482 3367 tamen
510 3312 540 3365 et
561 3309 678 3380 longum
700 3312 745 3366 est
765 3307 820 3367 hoc
842 3309 906 3368 loco
929 3309 1071 3368 disserere
1092 3327 1184 3385 neque
1199 3308 1318 3385 sufficit,

141 3413 247 3470 Paulus
270 3412 344 3470 enim
370 3417 449 3471 certe
479 3412 619 3486 singulari
650 3410 735 3470 modo
764 3413 910 3470 notionem
939 3409 1068 3487 πίστεως
1094 3431 1180 3487 quum
1206 3413 1319 3485 occepit

140 3521 200 3575 tum
232 3531 317 3573 sensu
347 3515 502 3574 christiano
532 3515 667 3589 implevit.
712 3515 774 3587 Qua
804 3532 836 3573 re
858 3517 1017 3575 cavendum
1045 3522 1105 3589 est,
1134 3534 1171 3575 ue
1194 3516 1318 3573 alienum

141 3635 255 3678 sensum
278 3615 438 3676 afferamus.

1122 3742 1131 3773 b

227 3804 247 3875 ¹)
261 3803 300 3859 Of.
314 3803 458 3858 Maecena·
473 3801 522 3856 viri
541 3801 688 3856 doctissimi
702 3802 786 3856 comm.
806 3821 858 3853 zum
870 3806 1054 3873 Hebrderbriel,
1073 3803 1150 3873 1857,
1166 3823 1192 3869 p.
1212 3801 1274 3854 520.
1284 3832 1318 3841 —

141 3891 162 3959 ²)
181 3891 263 3960 Vide,
290 3887 425 3959 quomodo
444 3889 543 3953 Lipsius
565 3889 593 3941 in
611 3888 716 3957 libello,
743 3889 788 3942 cni
805 3889 961 3944 inscribitur
983 3891 1049 3958 „Die
1062 3891 1215 3956 paulinische
1232 3889 1319 3941 Rada-

142 3978 353 4044 fera‘qungclehre“
378 3974 451 4043 Lips.
476 3973 543 4027 1853
568 3976 597 4028 in
623 3975 799 4044 ffisceptanda
833 3975 942 4030 notione
969 3973 1131 4044 δικαιοσύνης
1157 3974 1264 4029 initium
1281 3973 1320 4028 ie·

140 4064 208 4118 cerit
229 4063 263 4116 ab
286 4079 336 4116 usu
358 4060 543 4130 philosophico
569 4060 745 4129 Graecorum,
772 4062 871 4114 deinde
894 4078 956 4115 vero
979 4062 1196 4129 transgrediatur
1219 4063 1254 4115 ad
1271 4078 1320 4114 no-

140 4150 241 4202 tionem
268 4147 401 4202 biblioam.
437 4148 529 4209 Πίστις
559 4162 623 4199 vero
656 4154 685 4201 et
713 4143 837 4200 πιστεύειν
868 4146 1031 4216 philologice
1061 4153 1215 4202 tractantur
1241 4164 1258 4201 a
1284 4148 1320 4199 D.

143 4235 260 4300 Schulzr'o,
279 4234 296 4287 l.
316 4251 338 4288 a
357 4251 382 4303 p.
400 4233 433 4288 61
441 4264 463 4273 -·
470 4233 510 4286 77.

1078 4424 1162 4480 1⁹⁵,
