3050 4848
630 228 667 305 ζ.
714 258 754 324 23
802 290 841 307 -

269 404 271 409 ,
425 366 436 395 ³
915 400 917 403 ,

73 504 76 513 .
148 434 180 494 Si
204 450 301 491 verum
323 437 380 504 est,
402 432 479 507 quod
505 433 664 491 invenimus
686 434 940 509 exposuimusqne,
962 435 1110 510 apostolus
1132 451 1190 493 non
1211 433 1326 508 putabit

13 813 58 833 T
150 738 214 808 ἐπεὶ
241 744 303 817 πῶς
323 746 415 825 κρινεῖ
430 737 454 811 ,ὁ
474 736 549 815 ‘beda
570 736 622 803 τὸν
643 736 768 823 adanam
795 745 879 806 Rom.
903 746 937 819 3,
968 748 996 806 6.
1044 745 1136 817 Quum
1162 746 1218 803 boc
1246 743 1323 804 adir-

46 828 69 855 “”
148 851 220 919 met,
250 863 308 905 non
335 848 427 906 solum
447 846 518 905 dicit
536 845 682 905 uodonem
696 846 753 905 Dei
763 847 868 920 judicis
881 847 981 906 muudi
995 848 1080 923 plane
1095 848 1248 907 excludere
1263 865 1322 906 om-

13 1009 42 1039 ..·
57 948 69 973 ‘¹'
147 968 212 1009 uem
234 951 380 1024 injuriam,
403 949 456 1009 sed
478 950 564 1008 etiam
586 967 613 1009 v.
638 948 657 1007 5
680 950 777 1008 statim
799 949 932 1025 adjungit
950 944 1036 1014 κατὰ
1056 944 1216 1035 &abpatruus
1236 948 1322 1032 λέγω.

19 1030 61 1135 '2²²²
147 1054 270 1113 Tantum
284 1043 371 1126 igitur
386 1053 478 1126 abest,
491 1057 524 1111 ut
537 1053 567 1110 in
583 1052 675 1112 Deum
691 1053 781 1112 ullum
795 1057 947 1128 peceatum
962 1044 1057 1126 eadat,
1075 1060 1109 1113 ut
1126 1055 1151 1113 si
1161 1055 1203 1114 ita
1218 1056 1324 1113 sentia·
1396 1078 1398 1081 ’

26 1142 41 1169 ³
61 1138 74 1213 ’ζ
147 1175 218 1233 mus,
234 1157 270 1216 ab
282 1156 411 1215 humanis
423 1156 509 1217 rebus
521 1156 661 1228 ejusmodi
672 1156 801 1230 cogitatu
811 1173 963 1219 sumamus.
984 1157 1048 1216 Huc
1058 1158 1151 1231 primo
1163 1162 1194 1215 et
1208 1174 1324 1232 semper

149 1471 197 1542 16,
213 1469 263 1548 273
283 1470 395 1546 Justum
410 1469 437 1541 2,
456 1467 507 1538 11;
531 1468 560 1538 3,
575 1468 629 1546 263
652 1471 808 1540 amantem,
830 1461 905 1531 bebo
926 1467 983 1548 τῆς
998 1461 1120 1549 ἀγάπης
1135 1461 1189 1529 καὶ
1205 1462 1322 1550 εἰρήνης

13 1548 58 1591 *l
145 1574 183 1633 11.
196 1572 269 1631 'coa
296 1570 347 1645 ra,
373 1572 409 1629 11
435 1567 470 1632 of.
494 1571 516 1631 Ι.
539 1569 607 1632 cor.
626 1570 677 1642 14,
700 1570 813 1647 aaa.
836 1569 902 1631 cor.
926 1573 954 1645 c,
979 1572 1026 1632 nc.
1053 1571 1105 1643 ns;
1129 1571 1211 1630 nom.
1233 1570 1267 1647 4,
1291 1571 1320 1631 s.

147 1675 240 1747 Quare
269 1675 396 1748 quamvis
423 1674 588 1747 saepissime
616 1678 713 1733 utatur
740 1673 835 1732 verbis
862 1668 969 1749 καλόν,
1003 1668 1138 1755 aposto,
1172 1667 1322 1757 εὔσχημον

147 1758 222 1851 aliis,
253 1781 286 1837 ut
313 1777 435 1851 intelligi
464 1778 566 1851 possit,
599 1794 663 1835 eum
688 1776 798 1836 habere
827 1779 975 1837 notionem
1005 1777 1143 1837 bonitatis
1175 1778 1323 1851 cujmdam

148 1879 313 1940 abstractae
350 1896 425 1954 quae
454 1880 543 1939 etiam
575 1886 658 1939 extra
685 1882 732 1939 vel
761 1898 854 1955 prope
884 1882 930 1940 vel
960 1898 1048 1954 snpra
1078 1882 1170 1941 Deam
1201 1882 1323 1956 cogitari

13 1968 50 2008 ”³
146 1986 248 2060 possit,
279 1989 376 2044 tamen
405 1984 568 2043 accuratius
589 1984 808 2059 inspicientibus
830 1984 913 2044 uobis
935 1984 1103 2061 apparebit,
1131 1974 1227 2044 omnia
1249 2003 1322 2060 quae
1356 1992 1365 2011 ¹

38 2160 44 2179 T
146 2088 223 2148 bona
242 2089 368 2163 appellet
384 2089 489 2148 Paulus
504 2105 569 2147 eum
591 2086 667 2146 bona
689 2088 837 2162 appellare
858 2105 915 2146 uon
938 2089 1005 2161 quia
1026 2088 1104 2148 bona
1125 2088 1190 2148 sind
1211 2106 1265 2163 per
1280 2108 1321 2164 se,

84 2258 87 2261 ,
147 2192 198 2254 sed
221 2209 319 2251 coram
339 2192 417 2267 Deo,
448 2193 486 2252 Η.
509 2192 575 2252 Cor.
601 2193 652 2264 10,
685 2193 739 2264 18,
767 2192 871 2265 quippe
903 2192 950 2250 cui
979 2191 1114 2265 placeant
1144 2193 1212 2266 quia
1241 2193 1322 2251 salvo

22 2280 44 2321 Γ
146 2297 207 2369 ejus
238 2296 348 2356 honore
380 2294 459 2355 facta
489 2296 547 2354 sint
577 2295 614 2353 ab
645 2294 815 2355 homiuibus.
870 2295 1008 2354 Omnibus
1039 2296 1128 2370 igitur
1156 2295 1321 2357 notionibus

17 2377 40 2483 {³
144 2400 272 2459 Paulinis
295 2400 396 2459 ethicis
417 2401 492 2459 inest
518 2404 693 2458 momentum
723 2399 874 2458 relationis
905 2398 1032 2471 divinae3
1062 2416 1160 2460 omnes
1190 2401 1321 2462 notiones

21 2486 39 2529 ²⁴³³
144 2503 256 2563 ethicae
278 2503 356 2578 apud
378 2503 498 2562 Paulum
520 2504 653 2562 notiones
675 2502 829 2576 religiosae
851 2509 927 2566 sunt.
970 2504 1112 2576 Intelligit
1138 2520 1206 2563 sane
1234 2505 1323 2564 etiam

16 2593 35 2636 ⁹¹²
143 2608 234 2666 bonos
260 2607 399 2682 quosdam
425 2619 521 2666 mores
546 2606 686 2665 humanos
712 2607 758 2665 vel
785 2607 883 2665 civiles
915 2623 1007 2680 neque
1040 2607 1164 2681 speruit,
1199 2588 1323 2669 sedita

13 2698 34 2727 τ’
143 2710 293 2769 dumtaxat
323 2727 374 2770 eos
406 2710 553 2780 aestimat,
588 2714 620 2767 ut
651 2708 846 2783 paedagogice
878 2708 916 2768 ad
941 2710 1035 2770 Deum
1062 2709 1169 2771 ducant
1197 2713 1322 2786 aliquem

16 2799 32 2841 ³¹³
142 2814 189 2875 vel
210 2814 303 2889 aliquo
325 2813 412 2873 modo
434 2814 497 2872 Deo
520 2813 658 2872 serviant.

220 2920 309 3012 'Quae
332 2934 418 2992 quum
439 2917 573 3007 itaTsint,
601 2933 659 2975 nou
681 2917 785 2974 mirum
807 2915 884 2990 quod
906 2918 993 2978 etiam
1012 2918 1143 2991 Justitiae
1166 2935 1203 2978 ex
1225 2926 1320 2981 mente

141 3023 269 3096 apostoli
284 3023 362 3080 nolio
376 3021 428 3079 illa
442 3021 564 3081 relativa
582 3021 628 3079 vel
642 3020 739 3094 potius
754 3020 891 3092 religiosa
904 3010 988 3081 inest.
1001 3017 1025 3100 ¹)
1048 3022 1104 3080 Est
1117 3027 1196 3083 certe
1205 3023 1322 3096 justitia

16 526 30 535 “
149 537 304 613 quidquam
326 536 432 596 bonum
453 540 483 596 et
505 539 617 596 rectum
638 552 714 609 esse,
743 538 799 595 nisi
826 538 986 613 quodDeo
1008 540 1132 613 placeat.
1176 538 1210 597 In
1231 538 1324 597 Deum
1355 610 1358 619 ,

17 634 22 641 ’
47 641 75 703 ᾗ
149 639 224 699 enim
247 644 361 699 omnino
383 639 463 698 nulla
483 638 562 698 cadit
583 632 721 720 ἁμαρτία
747 657 840 714 neque
869 636 980 704 ἀδικία·
1004 635 1046 725 μὴ
1072 639 1197 722 γένοιτο,
1222 642 1324 716 inquit,

20 1248 60 1347 „tl
147 1261 300 1321 tenendum
309 1260 339 1319 in
348 1260 485 1319 memoria
494 1259 530 1319 de
539 1260 593 1318 hac
602 1276 634 1318 re
645 1259 728 1319 uobis
736 1259 962 1334 disputantibus·
981 1260 1126 1335 Memores
1137 1261 1225 1321 etiam
1236 1262 1323 1321 simus
1366 1279 1389 1295 ‘t

20 1342 61 1377 '³⁴'
147 1363 289 1438 quomodo
304 1379 418 1439 semper
433 1363 563 1422 omnibus
578 1361 687 1422 viribus
702 1363 794 1422 Deum
809 1362 924 1448 laudet,
941 1358 1030 1445 μόνον
1045 1357 1136 1446 σοφὸν
1150 1358 1225 1428 ‘beda
1239 1365 1324 1428 Rom.

1352 2363 1385 2471 l

141 3125 282 3200 quaedam
297 3125 435 3196 humana,
455 3140 528 3197 quae
549 3123 664 3197 quidem
685 3129 730 3182 est
744 3141 842 3183 coram
857 3124 1032 3203 hominibus,
1057 3126 1108 3186 sed
1122 3128 1321 3200 haecJ'ustitia
1351 3165 1352 3169 =

140 3247 234 3304 neque
250 3244 359 3288 summa
374 3232 419 3286 est
433 3244 525 3301 neque
540 3245 624 3301 vera,
648 3228 775 3317 quamuis
797 3244 854 3287 nou
875 3229 1085 3288 contemnenda
1100 3231 1145 3289 sit.
1179 3231 1319 3290 Notamus

139 3350 224 3406 vero,
256 3332 331 3391 banc
353 3327 497 3403 J'ustitiam
520 3347 583 3390 esse
606 3335 712 3389 statum
735 3331 877 3417 quendam
900 3332 948 3405 qui
969 3333 1066 3392 valeat
1089 3333 1202 3408 aliquid·
1222 3351 1319 3395 coram

139 3434 317 3514 hominibus,
339 3436 413 3495 nibil
427 3435 529 3494 >valeat
552 3449 648 3494 coram
671 3434 749 3506 De0;
778 3434 855 3508 quod
877 3451 1048 3509 quamquam
1071 3437 1222 3497 christiani
1244 3439 1318 3501 bene

138 3681 246 3744 partam
265 3672 410 3742 juridicam
432 3689 487 3726 non
509 3671 576 3726 satis
603 3677 691 3739 tenet,
715 3672 748 3726 cf.
772 3671 894 3741 ejusdem
912 3674 1019 3742 Paulas,
1047 3675 1088 3743 II,
1111 3692 1137 3745 p.
1158 3675 1215 3730 146.
1256 3675 1319 3729 Non

139 3776 248 3830 possum
267 3759 331 3827 quin
349 3759 461 3813 afferam
479 3760 577 3826 quibus
595 3760 683 3814 verbis
700 3760 853 3828 promiscue
866 3758 1027 3830 δικαιοσύνην
1040 3761 1187 3830 describat;
1206 3760 1319 3816 definire

137 3846 210 3902 enim
228 3862 288 3900 eum
305 3849 376 3899 hanc
394 3846 531 3899 notionem
555 3845 609 3900 dici
631 3852 705 3901 certe
727 3863 780 3901 non
807 3852 910 3917 potest:
938 3848 962 3911 1)
988 3849 1033 3897 das
1059 3848 1192 3912 adaquare
1209 3849 1317 3900 Vertitu-

138 3934 202 3995 m'ss5
225 3932 253 3997 2)
274 3933 311 3983 die
329 3934 374 3982 dea
392 3931 520 3981 Menschca
538 3934 562 3983 in
580 3933 626 3981 dus
643 3934 719 3983 racbtc
736 3933 882 3983 Verbdltniss
905 3950 935 3982 zu
955 3931 1009 3983 Gon
1025 3934 1133 3983 setzeade
1148 3919 1250 3985 arelecta
1267 3934 1317 3985 Bc·

137 4020 306 4084 schuffcabeit;
329 4017 357 4083 3)
383 4019 422 4068 die
438 4019 615 4083 Aduequutbcit
637 4021 678 4070 das
696 4061 702 4073 .
717 4060 724 4073 .
742 4019 926 4088 Verbdttnalrscs3
950 4018 977 4085 4)
1002 4021 1044 4069 der
1062 4021 1114 4069 dem
1128 4019 1216 4071 Willen
1240 4019 1320 4072 Gottcc

137 4123 300 4170 capemecscne
317 4105 428 4155 Zwtund
445 4106 486 4154 des
504 4104 706 4156 Memoranda
724 4106 764 4175 (l)
782 4107 845 4157 scine
861 4107 1066 4172 Rechtsmtipunq.

226 4190 246 4257 ¹)
270 4190 310 4244 Cf.
334 4190 443 4256 Katanis,
468 4192 612 4259 Doqmatils',
639 4191 665 4245 2.
688 4194 725 4247 cd.
745 4194 791 4257 II.,
818 4191 882 4246 262.
917 4193 1023 4259 Rs'tschl,
1041 4194 1240 4261 Rechtsertiqunq
1267 4197 1322 4246 aad·
1402 4238 1409 4247 .

146 4279 305 4348 Veratianum,
323 4278 366 4346 II,
386 4275 439 4333 301
456 4297 488 4335 ss,
525 4278 646 4351 Ptibppi,
666 4280 766 4339 Cotum.
784 4281 812 4334 in
830 4295 872 4355 ep.
890 4280 968 4337 Rom.
988 4283 1070 4354 1866,
1088 4301 1114 4359 p.
1134 4285 1174 4341 17.
