3050 4848
584 307 795 406 ..334

104 515 239 588 cogitata
257 514 378 574 hominis
404 520 541 587 tanquam
567 510 705 594 pessima3
736 519 796 571 tum
822 514 952 586 agnoscit
977 515 1131 574 veritatem
1157 531 1188 574 ss
1214 515 1276 590 ipss

104 623 305 692 prosternens,
333 617 426 677 Deum
453 615 589 690 adorans,
617 616 772 676 confitens:
792 631 835 674 ‘re
861 631 932 676 vera
957 618 1035 677 Dens
1060 619 1091 677 iu
1118 616 1197 678 uobis
1224 622 1277 677 est.

105 723 184 780 Ecce
212 720 351 811 quomodo
385 721 538 792 conJuncta
570 720 607 778 sit
644 722 686 778 vis
718 719 800 779 verbi
836 720 1008 779 antecedens
1043 737 1107 779 cnm
1147 721 1278 795 sequenti

105 825 218 883 actione
251 821 451 897 agnoscendae
481 823 612 881 veritatis
642 828 672 881 et
703 822 843 882 adorandi
873 824 937 885 Dei.
991 823 1162 884 Couleratur
1192 825 1278 883 etiam

104 926 142 989 Π.
167 924 232 989 Cor.
258 928 286 997 6,
311 928 343 983 l:
377 919 432 1007 cip
452 919 538 1007 χάριν
560 926 613 987 τοῦ
634 924 708 987 neos
730 919 888 1000 δέξασᾶαι.

190 1030 299 1088 Iterum
320 1030 408 1103 igitur
424 1029 498 1087 aetio
513 1027 657 1087 hominis?
686 1030 790 1088 Nonne
806 1030 929 1089 ecclesia
943 1033 1055 1104 nostra,
1070 1046 1164 1091 nonne
1179 1047 1278 1089 omues

106 1149 174 1192 vere
202 1132 353 1191 christiani
380 1132 411 1189 in
429 1131 484 1191 hoc
510 1135 588 1190 stant
614 1133 736 1191 articulo
762 1131 929 1207 principali,
957 1132 1099 1191 hominem
1123 1132 1279 1206 justificari

105 1236 168 1293 sine
190 1234 346 1309 operibus?
377 1234 673 1310 Respondeopnmo,
695 1236 742 1309 agi
767 1235 856 1294 hocce
878 1236 941 1294 loco
964 1235 1000 1294 de
1022 1236 1112 1295 Panlo
1134 1242 1221 1310 atque
1243 1236 1279 1323 de

105 1339 142 1396 iis
179 1354 251 1412 quae
280 1339 386 1396 Paulus
423 1338 580 1412 scripserit.
640 1339 760 1398 Paulum
792 1355 862 1398 vero
891 1339 956 1398 dico
985 1337 1103 1413 docere,
1135 1339 1280 1399 hominem

103 1441 257 1514 J'ustificari
287 1458 344 1500 non
373 1457 413 1499 eu
452 1441 601 1516 operibus,
628 1440 679 1500 sed
713 1442 834 1501 exclusis
868 1441 998 1501 omnibns
1031 1443 1165 1516 operibns
1197 1443 1279 1517 legis,

105 1561 166 1604 una
193 1545 323 1618 generali
353 1550 382 1603 et
415 1546 535 1603 centrali
564 1546 685 1604 actione
710 1545 800 1604 totins
828 1544 951 1604 hominis
973 1545 1190 1619 intercedente‚'
1207 1558 1280 1620 quae

106 1649 200 1721 major
221 1647 259 1706 sit
280 1646 410 1706 omuibus
432 1647 568 1721 operibus
588 1649 667 1721 legis.
713 1648 846 1720 Quodne
862 1649 995 1708 doctores
1011 1648 1124 1723 quidem
1140 1649 1280 1708 ecclesiae

106 1752 289 1824 evangelicae
311 1755 429 1824 negant,
451 1750 538 1810 fidem
561 1750 730 1810 definientes
751 1753 926 1811 notitiam'et
940 1767 1087 1811 assensum
1103 1755 1133 1813 et
1146 1751 1281 1812 fiduciam

107 1854 156 1913 vel
169 1849 409 1932 Ueberzeupnnp
427 1854 475 1912 vel
502 1849 670 1914 Vertrouctt
684 1856 733 1913 vel
744 1853 831 1915 simili
845 1854 940 1914 modo.
987 1853 1095 1915 Omnes
1114 1855 1191 1915 enim
1212 1854 1281 1915 illae

106 1956 240 2017 notiones
266 1957 305 2015 ad
331 1956 462 2025 actiones
488 1956 654 2032 spirituales
685 1957 809 2018 hominis
837 1958 997 2036 pertiuent3
1028 1975 1124 2033 neque
1157 1957 1282 2019 ecelesia

52 2103 54 2106 ι
108 2060 279 2135 evangelica
311 2078 420 2135 negare
453 2061 517 2119 vult
548 2078 644 2136 neque
677 2065 787 2138 potest,
823 2065 957 2136 oportere
990 2066 1022 2121 ut
1054 2062 1140 2121 homo
1166 2060 1281 2137 agendo

108 2163 235 2239 accipiat
264 2182 339 2239 quae
361 2165 443 2224 Deus
472 2163 500 2223 ei
529 2165 592 2223 vult
622 2164 714 2239 gratis
743 2165 867 2243 donare,
898 2183 1074 2241 quamquam
1096 2182 1192 2240 neque
1214 2153 1283 2224 fidei

107 2267 198 2343 ipsius
213 2267 289 2327 actio
309 2285 363 2327 nos
373 2266 560 2344 justificaret,
584 2267 640 2327 nisi
663 2268 795 2328 Christus
817 2273 895 2329 esset
917 2273 947 2328 et
969 2268 1032 2345 ejus
1054 2286 1127 2344 opus
1142 2272 1283 2342 tanquam

107 2370 232 2431 eodonis
254 2371 383 2461 objecta,
411 2389 507 2446 neque
529 2370 604 2430 aliae
634 2372 784 2447 quaelibet
813 2372 943 2439 actiones
966 2371 1099 2448 quamvis
1121 2370 1283 2432 simillimae

61 2510 62 2513 =
106 2492 233 2550 paresve
259 2474 317 2534 sint
343 2474 411 2533 huic
437 2473 505 2534 fidei
527 2473 644 2534 actioni.
689 2475 747 2535 Sed
770 2475 848 2535 aliud
869 2475 994 2535 accedit.
1035 2476 1089 2535 Est
1110 2472 1184 2534 fides
1206 2474 1284 2533 actio

107 2577 231 2638 hominis
253 2577 353 2654 injusti
376 2583 405 2638 et
439 2578 521 2656 mali,
552 2596 611 2665 qua
641 2578 675 2638 fit
697 2578 805 2655 justus.
860 2579 1122 2655 Itaque·quouiam
1146 2596 1183 2637 ex
1205 2580 1284 2637 statu

108 2685 139 2741 et
160 2680 263 2741 habitu
285 2682 361 2740 malo
385 2681 496 2759 evenit,
519 2699 579 2741 nou
599 2699 669 2767 vere
683 2681 762 2741 bona
777 2686 807 2741 et
821 2681 952 2758 perfecta
968 2700 1033 2742 esse
1050 2687 1162 2761 potest;
1185 2685 1286 2740 tamen

108 2786 191 2845 Dens
221 2802 285 2851 eam
310 2782 460 2867 λογίζεται
482 2784 544 2844 sive
568 2781 610 2857 εἰς
632 2780 818 2867 δικαιοσύνην
839 2785 902 2846 sive
923 2779 1122 2867 duacensium,
1146 2789 1286 2861 tauquam

107 2890 187 2947 bona
202 2887 249 2948 sit.
292 2890 360 2948 Nou
384 2888 529 2964 quomodo
554 2889 640 2948 horno
667 2892 751 2966 agat,
773 2890 967 2948 iurationem
991 2888 1105 2948 ducitur
1126 2887 1179 2947 sed
1206 2885 1287 2962 qnod

108 2991 225 3052 omnino
261 2988 425 3053 condicloui
453 3010 485 3051 se
514 2990 614 3051 subdit
641 2980 746 3051 aDeo
781 2992 923 3068 prolatae.
975 2989 1052 3064 Quia
1083 3008 1153 3051 vero
1174 2990 1286 3050 Paulus

74 3098 77 3104 '
108 3094 225 3155 omniuo
247 3089 344 3155 nullas
364 3094 420 3155 scit
434 3094 566 3155 actiones
585 3111 660 3170 quae
678 3095 774 3154 bonae
790 3095 849 3155 siut
870 3112 923 3172 per
937 3112 983 3170 se,
1007 3094 1060 3155 sed
1073 3095 1124 3154 illo
1135 3094 1286 3168 judicante

109 3215 211 3259 omnes
232 3200 328 3259 bonae
350 3203 418 3258 sunt
440 3216 516 3274 quae
546 3199 610 3257 Deo
632 3200 751 3274 placent
779 3194 860 3282 (pag.
885 3193 949 3281 23),
977 3196 1049 3257 nihil
1075 3198 1186 3276 obstat,
1217 3213 1286 3271 quo-

109 3302 205 3362 minus
226 3301 312 3362 fidem
335 3321 371 3363 ex
393 3302 539 3361 sententia
553 3301 640 3360 Pauli
661 3302 768 3361 bonam
783 3302 972 3378 appellemus.
986 3295 1013 3383 1)
1057 3302 1173 3360 Intacta
1187 3303 1286 3358 manet

111 3405 169 3464 Dei
190 3406 299 3483 gratia,
324 3405 374 3481 qui
397 3405 533 3480 quoniam
557 3405 702 3465 actionem
724 3411 754 3465 et
776 3405 907 3465 habitum
929 3403 1090 3481 perfectum
1112 3403 1143 3463 iu
1165 3402 1285 3464 homini·

111 3509 168 3568 bus
188 3526 248 3570 uon
274 3513 372 3585 potest
398 3508 543 3586 iuvenire,
574 3508 652 3568 hanc
678 3510 771 3569 solam
799 3507 998 3569 condicionem
1024 3507 1130 3584 posuit.
1174 3506 1287 3566 Tamen

112 3611 228 3672 accedit
249 3613 349 3690 tertio,
365 3611 396 3671 id
411 3612 489 3688 quod
504 3612 606 3672 summi
621 3612 758 3672 momenti
773 3612 833 3690 est,
851 3612 928 3686 qnod
943 3612 1020 3672 hauc
1033 3610 1127 3688 ipsam
1142 3609 1288 3670 actionem

112 3696 181 3775 fidei
203 3717 289 3777 homo
316 3733 374 3776 nou
395 3720 528 3791 praestat
550 3732 587 3774 ex
609 3734 641 3775 se
674 3715 753 3793 ipso,
784 3710 836 3775 sed
863 3733 903 3773 ox
925 3714 1049 3791 uiribus,
1074 3731 1150 3789 quae
1165 3712 1288 3790 Spiritus

114 3819 214 3879 Sancti
241 3837 332 3893 opera
361 3837 379 3878 a
408 3817 471 3879 Deo
498 3819 525 3878 ei
561 3815 668 3878 dantur
694 3819 784 3878 verbo
818 3817 988 3895 praedicato
1007 3819 1094 3897 Rom.
1120 3818 1169 3895 10,
1195 3816 1233 3875 14
1249 3834 1288 3875 ss.

114 3923 216 3983 Manet
243 3921 333 3999 igitur
362 3922 493 3999 perlecta
515 3921 571 3981 Dei
600 3918 710 4000 gratia,
742 3921 792 3997 qui
823 3921 911 3982 etiam
940 3920 978 3981 ad
1007 3920 1184 3997 implendam
1209 3919 1290 3978 illam

115 4027 208 4086 solam
238 4024 437 4085 condicionem
466 4023 578 4101 gratim
609 4024 686 4086 vires
715 4023 881 4087 hominibus
909 4025 1042 4102 praebet.
1094 4023 1290 4098 Quamobrem

115 4124 202 4206 Apol.
224 4129 305 4189 (lons.
325 4129 401 4205 Aug.
413 4128 454 4188 IV
475 4146 540 4188 oum
557 4129 650 4191 Paulo
670 4130 813 4206 congruit,
831 4147 918 4204 quum
938 4147 997 4188 nou
1014 4129 1108 4191 solnm
1127 4126 1291 4191 sexcenties

206 4261 225 4335 ¹)
245 4264 284 4318 Of.
315 4264 468 4329 momentus,
496 4263 731 4328 Doqmenpenttcta
758 4263 795 4327 II,
821 4282 847 4328 p.
877 4260 948 4317 2242
975 4304 981 4317 .
1001 4301 1007 4314 .
1024 4264 1088 4314 aicta
1112 4263 1168 4313 weil
1191 4278 1217 4311 er
1242 4262 1292 4310 eine

122 4348 232 4418 Tuyend,
250 4354 287 4402 eia
304 4367 370 4419 opus
389 4351 488 4404 bonum
506 4352 549 4414 iat,
568 4367 618 4398 was
635 4367 661 4398 er
678 4347 811 4414 ollerdt'nqa
828 4351 865 4401 r'st.
906 4414 911 4423 ι

154 4430 197 4488 ’6.
210 4426 440 4498 Soliuseiermnnu,v
459 4446 491 4486 De
504 4444 552 4484 tldcl
565 4445 652 4485 uotlous
665 4442 766 4485 Paullus.
1072 4431 1089 4487 3
