3050 4848
706 322 912 390 ,46-

227 492 364 555 Similiter
386 511 433 553 res
455 512 487 554 se
509 494 600 554 habet
621 499 710 571 atque
732 495 763 555 in
777 495 908 573 epistolis
923 496 962 556 ad
976 496 1254 558 Thessalonicenses
1268 496 1394 573 seriptis.

226 595 304 659 Satis
333 596 422 672 igitur
451 597 518 674 erit,
550 597 652 674 paucis
681 597 893 676 demonstrare,
923 618 982 659 non
1003 599 1091 659 aliam
1113 599 1160 659 hio
1182 599 1307 660 inveniri
1327 599 1397 660 fidei
1513 629 1514 644 2

225 698 381 760 notionem.

310 803 407 863 Primo
430 822 500 864 vero
522 803 633 880 negligi
648 823 705 865 non
729 806 831 883 debet,
853 804 921 865 fidei
940 804 1031 881 ipsius
1046 804 1165 865 notione
1179 805 1236 866 illis
1250 804 1397 882 prioribus

225 910 256 967 at
276 907 435 983 majoribus
458 906 589 983 epistolis
610 908 682 968 satis
705 908 857 983 disquisita
879 908 917 967 ad
938 907 1007 968 fidei
1028 906 1218 968 fundamenta
1233 913 1263 967 et
1278 908 1398 985 objecta

224 1008 289 1085 ipsa
300 1010 423 1072 Paulum
429 1011 491 1086 jam
502 1010 641 1070 recedere
653 1016 683 1070 et
694 1011 733 1070 ad
744 1011 860 1070 modum
870 1009 939 1070 fidei
949 1010 1134 1086 praebendae
1145 1009 1279 1071 manahe.
1303 1006 1398 1070 Multa
1514 1046 1515 1069 ι

226 1112 302 1173 euim
324 1113 425 1173 scribit
447 1114 484 1173 de
504 1118 568 1173 toto
590 1131 679 1190 opere
696 1114 752 1173 Dei
774 1115 849 1190 liph.
876 1115 902 1172 1.
926 1113 1001 1173 Phil.
1027 1114 1046 1172 2
1070 1113 1138 1173 inde
1153 1115 1190 1174 ab
1206 1119 1326 1173 aeterno
1341 1113 1399 1173 Dei

225 1215 343 1276 decreto
365 1234 455 1291 usque
477 1216 516 1276 ad
538 1216 621 1276 verbi
644 1216 735 1276 divini
756 1216 1005 1315 praedicationem
1026 1222 1210 1295 perpetrato,
1231 1233 1288 1276 non
1302 1232 1399 1293 pauca

225 1319 262 1379 de
277 1319 401 1379 ecclesia
416 1318 558 1379 societate
577 1317 647 1379 fidei
668 1321 743 1397 Eph.
766 1321 801 1398 43
833 1322 938 1380 multas
960 1321 1077 1396 regulas
1098 1319 1273 1395 praeseribit
1295 1324 1324 1378 et
1346 1320 1399 1379 ad-

224 1421 398 1483 monitiones
416 1422 482 1482 dat:
505 1427 538 1483 ut
563 1423 686 1483 interae
709 1427 807 1482 ament
832 1421 933 1483 fideles
949 1422 1009 1483 Col.
1022 1424 1059 1501 33
1086 1428 1119 1501 ut
1133 1423 1281 1498 gaudeant
1294 1423 1325 1481 in
1340 1421 1399 1482 fide
1515 1482 1516 1505 ,

223 1529 383 1603 versantes,
417 1525 520 1599 ubique
553 1528 583 1585 iu
614 1525 738 1602 epistole
769 1525 807 1584 ad
839 1525 1043 1602 Philippenses
1075 1527 1171 1585 missa.
1223 1527 1291 1586 Non
1323 1525 1400 1586 enim
1515 1560 1516 1571 ι

224 1628 334 1689 Paulus
356 1627 381 1709 is
407 1634 471 1687 erat
496 1628 546 1703 qui
570 1627 639 1689 fidei
660 1628 782 1688 formam
812 1630 939 1706 efferret,
970 1629 1121 1689 materiem
1150 1628 1315 1705 negligeret
1350 1630 1401 1687 vol
1515 1630 1516 1701 ᾗ

123 1804 126 1809 Ι
224 1732 355 1808 tolleret3
384 1730 470 1791 immo
501 1732 569 1807 quia
596 1731 659 1809 ipse
681 1750 751 1791 vere
782 1730 877 1791 fidelis
910 1736 985 1808 erat,
1020 1751 1056 1791 ea
1089 1731 1119 1789 in
1152 1749 1227 1806 quae
1260 1731 1332 1791 fides
1366 1750 1400 1792 se

224 1834 384 1912 dirigebat,
401 1836 490 1894 multo
506 1834 649 1910 gravioris
664 1835 802 1895 momenti
817 1834 844 1894 ei
866 1834 1042 1895 videbantur
1063 1852 1149 1909 quam
1170 1835 1244 1896 fides
1265 1834 1343 1912 ipsa,
1366 1840 1401 1895 ut

223 1956 313 2015 supra
327 1933 371 2020 (p.
388 1940 428 1998 35
444 1932 497 2020 al.)
514 1937 638 1998 vidimus
662 1956 720 1998 non
742 1943 862 2014 propter
883 1937 1004 2003 formam
1027 1938 1133 2013 agendi
1159 1937 1246 1997 fidem
1275 1937 1399 2015 laudari,

224 2041 276 2102 sed
299 2041 366 2116 quia
387 2041 418 2100 in
440 2043 534 2101 Deum
556 2060 588 2101 se
610 2041 718 2117 dirigat
740 2060 840 2101 verum
863 2045 893 2100 et
914 2041 1023 2100 vivum.

256 2219 262 2232 ι
309 2143 428 2216 Quare
449 2144 542 2221 primo
564 2145 724 2221 invenitur,
747 2143 816 2203 fidei
838 2143 982 2205 actionem
1004 2144 1069 2204 fieri
1095 2160 1152 2203 non
1174 2161 1261 2220 posse
1283 2143 1340 2204 nisi
1362 2162 1400 2203 ex

94 2224 117 2336 ι’·
224 2246 320 2332 gratia
353 2247 422 2325 Dei,
458 2246 570 2308 viribus
602 2247 641 2307 ab
675 2265 710 2306 eo
742 2246 819 2307 datis
852 2248 926 2324 Eph.
957 2251 983 2326 1,
1016 2250 1064 2307 13.
1090 2251 1142 2320 19;
1175 2266 1200 2306 ο.
1225 2248 1257 2325 2,
1289 2248 1317 2324 3,
1342 2249 1398 2325 20;
1516 2258 1517 2275 l

224 2349 299 2409 Phil.
326 2352 353 2427 1,
378 2353 409 2422 ὃς
432 2353 460 2428 2,
487 2352 539 2428 13;
562 2351 592 2427 4,
619 2351 670 2421 133
693 2350 755 2410 Col.
781 2352 807 2427 1,
834 2351 870 2409 11
896 2352 935 2410 al.
979 2352 1053 2412 Sunt
1067 2350 1143 2410 enim
1163 2349 1293 2411 homines
1308 2348 1401 2413 τέκνα
1516 2344 1517 2421 J

224 2448 309 2533 elce
331 2449 422 2536 ὀργῆς
451 2455 525 2529 Ερ1ι.
549 2455 578 2531 2,
602 2454 646 2530 3.,
678 2452 745 2526 quia
774 2457 842 2513 suot
870 2448 927 2515 uici
964 2455 1019 2536 τῆς
1048 2448 1209 2527 dustria<
1240 2473 1270 2513 v.
1303 2455 1332 2514 2.
1368 2459 1398 2514 et

223 2552 318 2638 respui
347 2561 411 2629 τοῖς
444 2552 685 2640 παραπτώμασιν
713 2575 742 2647 u.
768 2559 800 2637 ⁸l.
832 2556 861 2615 5.
892 2556 929 2615 oi.
952 2558 981 2633 4,
1008 2559 1057 2617 17.
1083 2559 1131 2616 18.
1183 2556 1297 2617 Deinde
1327 2564 1422 2650 uero'

225 2659 306 2719 Deus
328 2677 379 2719 eos
401 2657 649 2746 σννοζῳοποίησεν
669 2659 713 2742 τῷ
734 2657 853 2740 Χριστῷ
875 2705 882 2720 .
906 2705 913 2720 .
936 2655 990 2721 καί
1012 2655 1176 2742 συνήγειρεν
1198 2655 1253 2722 καὶ
1274 2656 1398 2723 συνεκά-

99 2796 103 2805 =
223 2759 310 2825 2ισεν
324 2782 352 2824 κ.
369 2783 395 2824 τ.
411 2763 437 2824 λ.
451 2750 483 2822 ν.
498 2762 526 2822 5.
543 2766 572 2822 6.
608 2762 693 2835 Quod
708 2780 779 2821 vero
794 2780 823 2819 r.
841 2763 869 2820 5.
886 2761 1004 2822 additur
1018 2757 1121 2845 χάριτί
1135 2761 1203 2826 ἐστε
1219 2761 1400 2844 σεσωσμένοι

225 2864 262 2923 ci.
285 2883 313 2924 v.
338 2866 381 2943 7.,
404 2864 481 2925 idern
503 2865 669 2926 accuratius
685 2865 790 2924 dicitur
805 2884 833 2924 v.
850 2866 975 2944 8-10.,
996 2867 1047 2925 uhi
1061 2867 1101 2946 τῇ
1115 2861 1216 2947 χάριτι
1235 2865 1401 2925 delineatur

225 2966 323 3028 verbis
354 2963 405 3030 διὰ
425 2950 483 3051 τῆξ
510 2965 652 3050 πίστεως;
685 2964 773 3052 χάρις
795 2968 885 3044 igitur
907 2974 936 3028 et
957 2966 1057 3042 πίστις
1078 2969 1154 3029 iuter
1176 2987 1207 3028 se
1230 2968 1398 3045 cohaerent,

225 3070 277 3130 sed
291 3088 349 3130 non
365 3071 484 3131 eaedem
506 3076 588 3131 sunt:
619 3072 777 3148 respondet
798 3070 877 3130 actio
899 3072 1027 3132 humana
1046 3070 1153 3130 actioni
1168 3070 1296 3130 divinae.
1340 3070 1399 3130 Ad·

225 3164 332 3235 dentur
353 3192 439 3234 vero:
470 3169 524 3236 criu
545 3168 578 3248 ἐξ
592 3168 686 3255 ὑμῶν,
702 3173 776 3239 “treci
790 3169 825 3237 τὸ
849 3174 948 3255 δῶρον.
992 3173 1023 3235 Si
1044 3173 1134 3249 igitur
1160 3174 1237 3234 actio
1259 3173 1332 3233 fides
1354 3178 1400 3232 est

225 3268 383 3353 hominum,
399 3281 572 3336 tamennon
588 3276 834 3355 exiisipsisest,
858 3278 910 3337 sed
932 3277 999 3337 talis
1022 3282 1055 3336 ut
1077 3274 1210 3359 σωτηρία
1232 3271 1304 3359 (non
1325 3276 1400 3337 fides

224 3370 312 3462 ipsa)
325 3380 432 3440 donum
454 3378 544 3461 δῶρον
565 3379 622 3438 Dei
643 3385 773 3456 maneat,
798 3398 881 3439 omne
904 3379 1037 3439 meritum
1053 3381 1239 3468 excludatur3
1269 3380 1294 3440 si
1316 3375 1400 3462 ἔργον

226 3483 371 3558 quoddam
394 3486 451 3559 est,
474 3487 573 3541 tamen
595 3500 654 3541 non
675 3482 751 3541 inter
773 3477 846 3565 ἔργα
869 3502 897 3542 v.
920 3488 939 3548 9
963 3483 1000 3542 cf.
1024 3501 1113 3559 supra
1131 3501 1200 3559 pag.
1218 3483 1267 3559 21,
1290 3478 1401 3565 ἵναμή

224 3604 271 3660 τις
298 3580 500 3668 καυχήσηται
538 3580 629 3647 αὐτοῦ
658 3579 716 3666 γάρ
746 3583 834 3665 ἐσμεν
864 3583 1005 3668 ποίημα,
1024 3584 1202 3659 secreta
1230 3584 1259 3647 έν
1281 3585 1402 3669 Χριστῷ

222 3688 321 3771 Ἰησοῦ
343 3683 393 3750 ἐπὶ
415 3683 509 3769 ἔργοις
531 3681 663 3768 σἰγαίιοῖς
685 3687 721 3746 cf.
736 3705 805 3763 pag.
828 3689 879 3747 40.
909 3688 995 3748 Actio
1009 3689 1098 3764 igitur
1112 3688 1258 3748 hominum
1274 3687 1402 3764 intelligi

224 3808 282 3852 non
314 3796 412 3877 potest
442 3790 498 3851 nisi
529 3795 767 3866 regeneratorum
800 3793 848 3850 vel
880 3790 978 3867 potius
1006 3791 1234 3852 liberatoruma
1260 3792 1334 3867 Deo,
1356 3791 1401 3851 ita

224 3912 295 3954 vero
317 3899 350 3953 ut
371 3893 484 3953 viribus
505 3892 597 3969 gratis
620 3888 745 3976 (χάριτι)
769 3893 885 3954 donatis
900 3893 1024 3957 hominis
1046 3894 1137 3971 ipsius
1158 3894 1215 3953 tide
1238 3890 1304 3977 (διά
1319 3914 1347 3953 ν.
1363 3890 1400 3977 8)

224 3998 281 4057 hae
292 3997 375 4074 ipsae
386 3996 464 4057 vires
479 4001 509 4056 et
524 3996 620 4055 omnia
636 3996 713 4055 dona
728 3996 828 4055 divina
843 4002 1041 4075 assumantur,
1058 4003 1088 4057 et
1101 4003 1134 4057 ut
1148 3997 1401 4073 regenerationem

224 4096 298 4183 ἔργα
333 4094 442 4182 dudio(
477 4099 625 4161 hominum
661 4105 819 4173 sequantur
855 4118 883 4159 v.
923 4102 972 4159 10.
1036 4100 1101 4172 Qua
1136 4120 1168 4160 re
1205 4102 1400 4162 admonentur

224 4203 346 4279 Ephesii
366 4203 396 4280 4,
413 4204 453 4264 22
473 4196 651 4265 secederet
665 4196 718 4265 τὸν
732 4197 861 4265 παλαιὸν
876 4197 1035 4285 desperet
1055 4197 1300 4272 accomodaret
1315 4223 1341 4264 v.
1358 4207 1401 4266 23

225 4312 255 4367 et
276 4301 460 4370 ένδύσασῖναι
480 4301 532 4368 τὸν
553 4299 654 4367 καινὸν
677 4299 837 4391 desperes
858 4302 909 4368 τὸν
931 4300 1281 4371 maximianensem
1295 4324 1324 4366 ν.
1341 4309 1398 4386 24;
