3050 4848
311 719 486 790 Quaeramus
508 718 596 789 igitur
618 719 719 793 primo,
742 734 816 791 quae
838 718 906 777 fidei
928 720 1007 777 notio
1028 720 1191 778 inveniatur
1211 720 1241 777 iu
1264 720 1392 793 epistolis

221 821 257 879 ad
279 817 614 884 Thessalonicenses
630 819 654 898 ¹)
681 823 784 880 missis.
829 822 973 880 Debemus
1004 824 1080 881 enim
1110 823 1265 896 separatim
1297 821 1332 879 de
1358 823 1392 880 iis

221 923 373 997 disserere,
397 927 465 1000 quia
486 930 551 982 sunt
574 925 701 998 quinon
723 925 859 983 Paulines
882 941 930 983 eas
953 941 1014 983 esse
1038 925 1170 997 dixerint,
1199 924 1273 998 quod
1295 940 1393 997 quam·

221 1044 305 1100 quam
328 1044 384 1086 non
405 1028 500 1087 habeo
522 1044 572 1085 cur
594 1027 725 1101 credam,
756 1032 853 1086 tamen
874 1028 899 1085 si
926 1027 1002 1088 forte
1023 1030 1087 1101 jure
1110 1027 1257 1100 dixerunt,
1288 1028 1393 1099 injuria

219 1131 364 1189 notionem
390 1129 458 1189 fidei
481 1131 664 1188 constituisse
687 1130 811 1202 viderer,
840 1132 866 1189 si
889 1147 1028 1188 unacum
1052 1132 1155 1189 ceteris
1179 1130 1308 1204 epistolis
1329 1129 1394 1188 illas

220 1239 386 1292 tractarem.
423 1234 503 1292 Utile
526 1235 612 1292 etiarn
640 1234 709 1292 mihi
736 1234 848 1292 videtur
871 1250 934 1292 esse
955 1235 1068 1292 initium
1089 1233 1188 1293 facere
1210 1233 1246 1291 ab
1262 1234 1296 1290 iis
1311 1233 1394 1291 Pauli

220 1336 343 1410 apostoli
365 1338 493 1413 scriptis,
524 1338 554 1394 in
576 1336 677 1410 quibus
699 1338 811 1410 priores
834 1337 894 1408 eJ'us
917 1337 1075 1395 sententias
1098 1336 1300 1410 doctrinasque
1323 1337 1392 1394 scri-

220 1445 285 1512 ptas
307 1440 465 1498 invenimus
472 1458 480 1519 ;
502 1437 566 1497 fieri
588 1441 664 1498 euim
687 1444 765 1498 certe
787 1439 889 1513 potuit,
911 1445 943 1498 ut
965 1455 1038 1514 quae
1061 1439 1096 1497 de
1118 1438 1176 1498 fide
1198 1444 1284 1497 antea
1306 1439 1395 1497 sensit

218 1543 364 1617 apostolus
391 1549 493 1617 postea
523 1543 618 1615 aliquo
649 1542 734 1601 modo
766 1547 877 1601 mutata
907 1543 970 1601 sint.
1014 1543 1081 1601 Una
1105 1560 1138 1601 re
1167 1542 1300 1601 differunt
1325 1542 1393 1601 illae

218 1648 356 1719 epistolae
391 1648 502 1719 priores
538 1664 556 1705 a
594 1646 819 1722 posterioribus,
861 1645 970 1705 scilicet
1003 1646 1077 1719 quod
1111 1647 1141 1703 in
1176 1645 1234 1703 illis
1270 1645 1394 1704 disserta

221 1745 376 1822 explicatio
399 1750 435 1808 de
458 1749 514 1808 fide
536 1766 594 1808 uon
616 1755 667 1823 est,
691 1750 819 1823 quamvis
841 1752 935 1823 prima
956 1750 1017 1821 ejus
1032 1748 1196 1808 rudimenta
1215 1765 1272 1807 non
1288 1749 1392 1809 absint.

218 1852 251 1910 In
275 1868 310 1912 eo
332 1858 392 1912 tum
414 1853 584 1912 versabatur
606 1853 753 1927 apostolus
768 1852 853 1912 modo
868 1853 1021 1925 scribendi,
1044 1859 1075 1910 ut
1093 1852 1199 1910 thetice
1216 1853 1393 1926 evangelium

220 1956 380 2035 nuntiaret3
403 1956 561 2017 antitheses
585 1957 659 2014 enim
681 1955 806 2015 noudum
828 1972 863 2015 ea
885 1973 942 2029 qua
963 1960 1064 2029 postea
1085 1955 1192 2013 invidia
1213 1956 1240 2013 ei
1263 1955 1392 2027 objectae

218 2066 317 2138 erant3
347 2060 425 2119 leves
447 2061 542 2134 potius
565 2065 594 2118 et
616 2059 725 2118 amicae
749 2060 939 2133 obJectiones,
970 2059 1096 2119 fidelium
1118 2058 1268 2130 videlicet,
1297 2060 1327 2117 in
1348 2059 1392 2116 his

218 2164 346 2236 epistolis
368 2168 534 2237 tanguntur.
580 2162 623 2222 Ob
646 2179 708 2221 eam
730 2180 799 2222 uero
821 2147 913 2239 ipsam
936 2179 1051 2222 eausam
1073 2164 1181 2236 optime
1201 2163 1231 2219 iu
1254 2162 1298 2220 his
1323 2164 1392 2220 scri-

217 2269 276 2341 ptis
298 2271 397 2341 potest
419 2266 575 2340 observari,
598 2266 666 2340 quid
686 2267 795 2325 Paulus
817 2269 905 2326 etiam
927 2271 987 2324 tum
1008 2265 1076 2325 fidei
1104 2267 1276 2339 attribuerit,
1306 2284 1391 2339 quum

219 2370 254 2428 de
277 2387 313 2430 ea
335 2370 459 2430 disserte
482 2370 608 2430 scribere
631 2370 728 2429 nollet

303 2474 358 2533 Est
389 2480 500 2545 autem,
534 2474 559 2530 si
590 2491 654 2533 eum
684 2474 843 2548 sequimur,
876 2471 947 2532 fides
977 2474 1000 2550 I,
1025 2474 1051 2546 1,
1074 2474 1092 2532 2
1115 2490 1151 2531 ss
1179 2491 1225 2533 res
1251 2474 1391 2546 quaedam

218 2594 328 2636 summa
349 2577 435 2637 laude
450 2578 550 2652 dignm
573 2594 629 2651 qua
646 2577 724 2650 quod
738 2577 1007 2637 Thessalonicenses
1026 2576 1146 2637 affectos
1168 2578 1255 2652 novit,
1278 2595 1391 2651 semper
1502 2633 1506 2637 ,

218 2686 248 2739 et
262 2681 368 2754 ubique
385 2681 490 2740 Paulus
506 2680 570 2739 Deo
584 2681 693 2754 gratias
709 2682 777 2754 agit.
815 2681 870 2739 Est
884 2664 932 2740 res
947 2680 1087 2754 quaedam
1109 2681 1307 2754 conglutinata
1328 2699 1391 2740 cum

218 2786 340 2843 caritate
362 2789 393 2842 et
415 2801 478 2843 cum
500 2801 550 2859 spe
565 2780 600 2861 2),
623 2784 830 2844 eodemmodo
854 2802 916 2843 eum
940 2801 1028 2858 opere
1043 2778 1149 2866 (ἔργον)
1166 2784 1320 2857 conjuncta
1341 2782 1390 2859 (ei.

218 2889 304 2947 etiam
326 2887 363 2961 Il,
388 2889 414 2961 1,
439 2887 506 2965 ll),
537 2904 593 2960 quo
624 2889 730 2947 caritas
756 2906 820 2947 cum
844 2887 943 2947 labore
965 2883 1087 2970 (κόπος)
1115 2893 1144 2945 θ1
1166 2905 1232 2961 spes
1255 2904 1318 2946 eum
1340 2904 1390 2961 pa-

217 2991 327 3051 tientia.
373 2985 455 3063 Quod
477 2991 567 3065 igitur
589 2991 625 3049 de
648 2992 767 3050 caritate
790 2999 820 3049 et
842 2991 878 3050 de
901 3009 960 3065 spe,
981 2991 1058 3050 idem
1081 2991 1116 3049 de
1138 2990 1196 3049 fide
1216 2992 1273 3048 erit
1293 2990 1390 3051 dieen-

216 3094 295 3153 dum:
318 3110 382 3153 eam
405 3112 467 3154 esse
483 3096 618 3154 virtutem
633 3095 758 3169 aliquam
774 3095 967 3166 christianam,
989 3095 1067 3153 illam
1082 3111 1158 3167 vero,
1181 3111 1253 3168 quae
1268 3096 1389 3154 maxime
1486 3152 1489 3156 .

217 3198 362 3273 operando
378 3208 572 3271 cognoscatur
587 3204 624 3271 et,
648 3200 716 3272 quia
737 3199 829 3272 primo
852 3199 1015 3272 appelletur
1029 3199 1101 3272 loco,
1125 3199 1246 3271 primum
1266 3197 1389 3258 fortasse

214 3301 291 3361 iuter
312 3306 372 3359 tres
393 3301 457 3360 illas
479 3303 600 3361 virtutes
622 3301 752 3361 obtineat
772 3302 875 3360 locum.

300 3404 401 3479 Neque
430 3421 497 3463 vero
528 3405 730 3479 negligendum
754 3410 813 3478 est,
842 3405 963 3464 Paulum
990 3404 1109 3463 laudare
1131 3403 1246 3476 quidem
1267 3403 1388 3463 Thessa-

213 3508 387 3581 lonicenses,
418 3509 528 3581 gratias
550 3514 645 3567 autem
670 3525 757 3582 agere
779 3509 859 3582 Deo,
891 3514 923 3567 ut
944 3508 1038 3567 Deum
1060 3524 1157 3567 veram
1185 3523 1300 3567 causam
1322 3507 1390 3566 fidei

214 3613 342 3670 caritatis
373 3612 435 3685 spei
465 3611 606 3686 declaret,
639 3610 675 3670 ef.
705 3612 727 3688 I,
750 3613 777 3686 3,
803 3614 835 3692 95
858 3612 895 3689 ΙΙ,
921 3613 947 3689 Ι,
971 3612 999 3683 3,
1030 3612 1104 3669 sicut
1129 3611 1152 3685 I,
1176 3611 1205 3688 3,
1235 3612 1273 3668 10
1296 3611 1389 3670 Deum

213 3736 417 3765 -·—---⁴·

302 3814 322 3885 ¹)
341 3815 407 3870 Cum
424 3815 465 3884 iis,
484 3828 554 3882 quae
573 3818 731 3883 sequuntur,
750 3813 908 3868 conferatur
925 3813 1047 3883 inprimis
1071 3814 1155 3883 Weiss,
1173 3813 1296 3864 sztiscie
1314 3812 1387 3864 Theo·

210 3903 284 3968 logie,
312 3901 392 3968 1880,
416 3920 476 3968 paq.
501 3899 558 3951 208
574 3919 607 3956 as.
635 3916 715 3968 quum
745 3900 851 3954 omnino
869 3903 927 3954 tum
951 3900 985 3954 de
1007 3901 1120 3968 singulis
1146 3899 1283 3953 nonnullis
1305 3899 1388 3955 rebus

211 3988 307 4044 eadem
324 3988 382 4044 fere
397 3988 543 4056 explicans.
556 4015 591 4026 -
609 3983 630 4052 Ω)
643 3986 748 4040 Eodem
766 3985 846 4040 modo
864 3986 1035 4054 conjungitur
1051 3987 1135 4047 πίστις
1152 3992 1180 4040 et
1192 3981 1279 4055 ἀγάπη
1298 3987 1319 4055 Ι,
1333 3986 1387 4055 3,6

210 4079 239 4129 et
257 4074 291 4143 ll,
310 4075 334 4143 1,
352 4074 377 4143 3,
396 4089 448 4141 quo
473 4072 579 4141 quidem
601 4073 662 4126 loce
687 4071 791 4127 deiide
814 4071 913 4126 dicitur
930 4068 1106 4141 ὑπεραυξάνει,
1134 4070 1235 4142 ἀγάπην
1257 4088 1321 4126 vero
1340 4071 1386 4126 ad·

205 4160 330 4229 jungitur
347 4161 484 4230 pertinere
502 4159 537 4213 ad
555 4158 690 4224 homines;
709 4176 733 4211 v.
745 4161 770 4213 4.
789 4175 853 4214 vero
872 4159 962 4228 pergit
981 4157 1118 4228 apostolus
1132 4156 1246 4214 laudans
1258 4153 1386 4227 ὑπομονήν

208 4255 238 4302 et
254 4249 337 4302 πίστιν
354 4248 382 4301 iu
400 4246 643 4316 persecutionibus
663 4262 743 4314 quam
761 4245 868 4315 quidem
885 4247 969 4301 πίστιν
987 4246 1138 4305 Lacaenam
1155 4249 1250 4301 nostra
1272 4245 1386 4311 „Traw‘

208 4339 315 4391 vertere
332 4350 387 4388 nou
404 4332 471 4389 satis
488 4333 593 4389 idoneis
610 4332 699 4387 causis
716 4331 781 4387 mihi
799 4332 914 4389 videtur.
