3050 4848
611 284 825 349 ..29-

128 452 221 512 virtus
244 458 304 526 est,
328 454 486 528 quaeritur,
507 459 603 514 utrum
618 456 767 516 Abraham
782 449 967 536 δικαιοσύνην
978 455 1038 526 jam
1054 455 1178 530 aliquam
1196 450 1306 515 habuc·

129 558 184 631 rit,
207 556 244 616 ad
267 573 350 629 quam
373 556 563 617 adnumerata
585 560 624 618 sit
643 576 719 619 nova
733 553 903 640 δικαιοσύνη
917 591 960 603 --
975 557 1051 634 quod
1065 558 1187 618 Paulum
1200 574 1306 633 negare

130 664 254 735 apparet
266 693 310 702 -
324 676 361 718 an
376 660 482 719 Paulus
504 663 575 721 velit
597 662 708 735 dicere,
730 662 825 722 Deum
846 663 994 721 nominare
1016 662 1151 721 virtutem
1177 659 1209 719 id
1230 660 1315 735 quod

129 764 221 822 virtus
243 778 301 822 nou
327 764 373 825 sii.
419 764 493 836 Quid
521 765 597 839 quod
619 765 648 841 4,
673 768 691 824 6
719 765 801 826 dicit:
827 761 976 847 λογίζεται
1001 752 1188 846 δικαιοσύνην
1215 759 1308 846 χωρὶς

130 861 244 949 ippum?
288 865 319 925 Si
341 867 377 926 de
397 869 503 927 virtute
526 870 631 944 agitur,
653 885 747 929 nonne
769 870 799 926 in
821 868 958 942 operibus
979 860 1015 929 τὸ
1038 864 1211 949 lto-(tierrici
1233 883 1307 929 eem-

129 967 360 1043 pervematur?
404 969 540 1044 Accedit,
562 971 638 1045 quod
659 989 685 1031 ν.
701 973 730 1032 8.
754 973 890 1046 legimus:
914 965 946 1033 οὐ
969 963 1012 1052 μὴ
1033 968 1190 1053 λογίσηται
1210 965 1308 1054 κύριος

130 1065 284 1154 ἁμαρτίαν
304 1073 342 1134 cl.
358 1074 390 1147 5,
416 1075 467 1150 13,
489 1075 566 1134 unde
588 1076 770 1150 cognoscitur
792 1091 848 1135 nou
868 1075 905 1134 de
925 1068 1029 1157 ἀδικίᾳ
1043 1073 1088 1133 vel
1103 1069 1308 1156 παραβάσεσιν

130 1176 191 1250 agi,
213 1175 265 1235 sed
287 1176 323 1236 de
346 1194 380 1237 eo
403 1177 480 1251 quod
500 1179 567 1239 inde
582 1183 789 1253 consequatur:
812 1173 975 1252 peccavisse
997 1178 1127 1258 homines
1148 1176 1227 1238 Deus
1249 1196 1308 1239 non

130 1284 227 1354 potest
261 1297 383 1354 negare,
418 1282 470 1341 sed
506 1299 578 1356 quae
612 1283 679 1342 inde
715 1286 873 1358 sequuntur
906 1299 964 1344 oon
993 1298 1106 1356 semper
1140 1286 1171 1342 et
1201 1281 1307 1357 ubique

133 1382 304 1445 concludere
326 1387 400 1458 vult,
428 1378 580 1468 ἁμαρτίαν
602 1381 634 1449 οὐ
655 1381 854 1469 λογιζόμενος,
884 1385 935 1446 sed
957 1380 1143 1467 dructemirus
1165 1384 1307 1463 „Schuld-

131 1486 270 1547 freiheit“
282 1487 306 1566 1)
337 1492 466 1549 statuens
496 1491 578 1551 Rom.
608 1490 641 1564 5,
669 1492 697 1552 6.
711 1492 714 1499 '
728 1492 781 1562 11;
812 1496 844 1549 ut
874 1491 961 1549 etiam
990 1490 1014 1548 si
1041 1485 1095 1563 εἰς
1121 1486 1307 1574 δικαιοσύνην

131 1591 254 1665 legimus
276 1592 445 1652 vertendum
466 1593 535 1652 mihi
557 1592 704 1653 videatur:
734 1598 766 1654 ut
788 1597 880 1653 status
904 1587 1092 1674 δικαιοσύνης
1113 1591 1307 1670 provenisti)

215 1695 299 1755 Nunc
320 1701 417 1756 autem
444 1697 592 1770 quaeritur
622 1696 793 1770 quomodo
819 1697 978 1756 homines
1000 1697 1036 1755 in
1057 1695 1149 1772 hunc
1176 1701 1306 1757 statum

132 1794 366 1882 δικαιοσύνης
396 1801 543 1881 intrent
584 1800 680 1888 Unum
709 1800 844 1860 vidimus:
874 1816 959 1860 nemo
989 1799 1109 1874 poterit,
1139 1799 1195 1860 nisi
1223 1816 1308 1875 quem

130 1902 209 1962 Deus
232 1903 393 1975 admiserim
415 1903 510 1979 agitur
537 1904 611 1963 enim
634 1903 669 1964 de
693 1921 729 1963 ea
750 1919 797 1976 re,
828 1920 913 1987 quam
942 1920 1026 1963 nemo
1056 1907 1152 1978 potest
1180 1904 1307 1966 tribuere

131 2006 186 2065 nisi
221 2007 300 2067 Deus
333 2008 404 2081 ipse.
460 2005 591 2067 Secundo
625 2013 760 2081 apparet,
793 2008 936 2066 neminem
970 2023 1035 2066 eum
1058 2005 1220 2068 admittere
1253 2010 1333 2069 nisi·

104 2106 108 2117 ’
131 2127 212 2171 mera
234 2110 330 2182 gratia
353 2108 389 2172 ef.
411 2109 494 2171 Rom.
519 2112 567 2185 10,
591 2113 623 2183 63
649 2127 734 2171 nemo
757 2113 833 2172 enim
855 2111 957 2186 dignus
979 2114 1035 2185 est,
1066 2111 1115 2185 qui
1141 2128 1193 2171 suo
1218 2114 1307 2188 ipsius

131 2215 236 2273 merito
264 2194 440 2286 admittatur,
467 2213 503 2278 oi.
527 2214 590 2274 Gal.
618 2217 652 2290 2,
680 2217 734 2294 213
760 2214 843 2274 Rom.
872 2215 906 2288 3,
939 2216 956 2272 9
985 2230 1042 2276 οη
1076 2214 1226 2275 Neminem
1257 2216 1309 2277 ed·
1411 2278 1413 2281 .

132 2318 242 2389 mittet,
268 2318 317 2391 qui
339 2323 371 2375 ut
394 2317 564 2377 admittatur
587 2319 758 2396 postulabit,
781 2335 861 2383 suum
883 2318 972 2391 ipsius
994 2315 1144 2392 proferens
1166 2320 1307 2399 meritum,

132 2420 187 2480 Dei
214 2420 379 2480 deminuens
400 2421 554 2494 honorem3
581 2423 668 2481 immo
698 2438 748 2482 eos
770 2422 846 2482 solos
867 2422 977 2496 poterit
999 2420 1152 2482 admittere
1175 2424 1224 2498 qui
1245 2424 1309 2485 Deo

133 2528 225 2584 totum
251 2525 379 2585 tribuent
404 2524 544 2585 honorem
572 2524 616 2603 (p.
640 2526 696 2602 21)
727 2526 772 2586 vel
798 2525 892 2600 potius
920 2525 949 2585 ei
974 2541 1036 2585 sese
1063 2524 1187 2585 subdent
1213 2529 1309 2588 condi·
1344 2564 1348 2573 ι

133 2629 220 2700 cioni,
250 2646 306 2701 qua
332 2622 408 2705 δόξα
433 2626 724 2703 reciprocarum
746 2632 776 2686 et
803 2632 930 2701 augetur.
975 2628 1106 2688 Tertium
1136 2629 1308 2709 addendum,

133 2730 284 2795 Dounon
313 2733 382 2791 satis
411 2732 502 2791 visum
532 2748 595 2792 esse
632 2730 795 2791 hominibus
823 2737 944 2805 peecata
971 2733 1136 2810 remittere,
1167 2734 1219 2793 sed
1249 2734 1308 2796 filio

135 2851 187 2893 suo
214 2839 328 2893 mortuo
352 2833 414 2895 Gal.
438 2836 467 2912 3,
492 2836 530 2894 13
553 2835 589 2893 al.
611 2835 874 2894 reconciliationem
896 2835 1161 2910 mundiparavisse
1182 2837 1219 2901 Π,
1242 2838 1309 2923 θον.

135 2937 163 3012 5,
194 2938 232 2995 18
260 2955 310 3010 sa,
338 2943 371 2996 ut
398 2943 596 3013 cognoscatur,
622 2938 715 2999 Deum
741 2954 799 2998 non
826 2939 917 2998 solum
944 2939 1113 3020 benignum,
1144 2939 1196 2999 sed
1222 2942 1308 3001 etiam

134 3047 265 3102 sanctum
288 3058 350 3101 esse
373 3059 466 3116 neque
482 3059 518 3102 ex
531 3041 651 3102 libidine
665 3038 691 3119 8)
713 3042 842 3103 homines
858 3042 1024 3114 admittere,
1046 3041 1098 3102 sed
1113 3040 1309 3104 satisfactione

135 3144 213 3205 iacta
244 3163 298 3220 pro
329 3146 439 3206 violata
467 3146 614 3205 voluntate
645 3162 705 3207 sua.
757 3146 822 3205 Jam
857 3146 1053 3222 intelligimus,
1085 3146 1154 3219 quid
1181 3147 1309 3220 postulet

135 3291 189 3334 non
208 3296 268 3334 cum
286 3279 420 3334 Ritschlio
443 3280 500 3333 viro
517 3279 671 3335 doctissimo
691 3278 809 3348 (Altkcrl.
834 3282 866 3332 K.
880 3294 907 3345 p.
926 3260 1215 3348 90)‹justificutionem
1237 3280 1308 3334 velle

135 3367 218 3420 semel
237 3354 342 3420 iactam
356 3380 416 3421 esse
429 3364 462 3420 de
476 3367 596 3421 omnibus
606 3365 742 3434 fidelibus,
760 3363 808 3420 sed
821 3364 854 3418 de
866 3364 989 3435 singulis,
999 3381 1087 3434 neque
1100 3365 1308 3434 (Reclefcrtiqnnp

136 3454 176 3518 ΙΙ,
196 3473 223 3519 p.
243 3453 300 3504 160.
321 3452 385 3521 214,
410 3452 443 3506 of.
459 3452 548 3520 Weiss,
568 3472 594 3520 p.
614 3450 674 3520 319)
698 3451 840 3508 ecelesiam
864 3465 923 3506 esse
947 3451 1084 3520 objectum
1098 3451 1308 3522 justificationis,

135 3534 184 3594 scd
201 3541 329 3608 singulos.
910 3600 912 3605 y
1293 3542 1297 3569 ¹

224 3628 244 3695 ¹)
263 3626 301 3681 Cf.
321 3627 418 3694 mant,
436 3628 453 3679 l.
472 3645 490 3677 c.
504 3628 528 3690 δ.
541 3621 585 3679 25.
599 3653 632 3664 -—
645 3621 666 3694 ²)
686 3620 806 3693 Philippi,
825 3622 1002 3692 Comm.1866,
1018 3644 1043 3690 p.
1056 3622 1117 3678 128.
1129 3655 1163 3665 -
1176 3623 1196 3693 ³)
1214 3620 1306 3679 Homi-

135 3724 197 3767 nem
219 3729 275 3767 non
298 3713 355 3766 sine
379 3712 536 3767 condicione
557 3711 586 3765 in
608 3717 708 3767 statum
729 3710 853 3780 ,justitiae
877 3710 994 3778 intrare,
1021 3710 1121 3779 optime
1146 3710 1308 3779 intelligitur

135 3793 265 3856 acum
287 3799 357 3868 init,
379 3799 426 3853 ubi
451 3794 592 3867 explorato
619 3797 684 3865 quid
705 3797 801 3865 legalis
822 3797 930 3866 justitia
948 3795 1021 3851 dicat
1046 3795 1181 3864 ,iustitiam
1202 3795 1266 3850 fidei
1283 3794 1306 3851 i.

137 3883 161 3940 d.
179 3885 318 3956 apostolus
343 3885 408 3940 facit
434 3890 570 3939 vetantem
597 3891 624 3938 et
649 3884 839 3952 imperantem:
867 3888 903 3954 μη
930 3885 1004 3954 εἴπης
1027 3924 1032 3935 .
1057 3924 1062 3936 .
1086 3881 1245 3954 ομολογηοης
1269 3925 1274 3937 .
1299 3920 1307 3938 .

137 3971 282 4043 πιστεύσῃς.
331 3971 369 4026 Cf.
400 3972 499 4040 Datne,
528 3973 545 4025 l.
577 3990 597 4024 c.
623 3989 650 4036 p.
680 3970 722 4024 76.
767 3970 855 4025 Velim
882 3973 934 4024 hoc
962 3969 1023 4023 loco
1052 3968 1153 4037 dicere,
1182 3985 1225 4024 me
1252 3984 1307 4023 non
1388 3968 1392 3981 ¹

138 4055 264 4127 ignorare
284 4057 444 4126 objectivam
461 4056 525 4111 fidei
542 4062 655 4127 partem.
684 4056 768 4111 Immo
785 4062 874 4111 totum
886 4050 999 4110 Paulum
1012 4056 1068 4110 scio
1081 4056 1110 4109 in
1120 4055 1191 4133 ineo
1203 4055 1308 4111 versari

138 4152 169 4199 ut
185 4142 321 4200 Christum
338 4145 479 4213 praedicet
496 4158 546 4213 pro
565 4143 642 4196 nobis
660 4149 792 4196 mortuum
811 4146 839 4197 et
860 4142 949 4195 virum
967 4148 1049 4210 atque
1067 4155 1150 4212 supra
1168 4145 1239 4213 (pag.
1257 4145 1306 4199 is.

139 4232 186 4299 al.)
212 4232 279 4286 satis
305 4231 465 4301 exposuisse
492 4229 556 4285 mihi
581 4227 681 4284 videor.
723 4229 818 4284 iidem
844 4244 907 4283 vero
935 4228 1059 4286 existimo
1084 4242 1145 4284 esee
1171 4230 1306 4285 notionem

139 4317 328 4387 subjectivum,
347 4317 467 4385 quamvis
485 4317 511 4372 ei
529 4316 662 4386 objectiva
679 4317 841 4384 respondeat
861 4327 933 4385 pars.
