3050 4848
613 332 820 394 -45„

132 519 186 578 pro
208 521 307 562 eorum
328 501 385 561 lide
408 503 491 562 Rom.
518 503 545 581 1,
569 496 602 580 93
633 520 729 561 nonne
743 505 859 577 portum
873 507 1004 578 apertam
1026 520 1057 563 se
1072 499 1307 563 invenissedieit

132 607 172 664 ΙΙ.
196 605 260 665 Our.
284 608 312 683 2,
339 606 401 682 12„
431 610 564 682 apertum
590 598 703 665 seilioet
727 604 845 665 aDeo?
875 603 952 676 Quin
975 606 1075 667 todem
1099 606 1194 683 cupite
1222 607 1305 666 Rom.

136 710 163 786 1,
190 710 312 768 19-32
342 714 372 768 et
402 708 481 768 servi
512 704 780 795 (ἐματαοώίτησαν,
812 704 991 791 ἐσκοτίσὶνη,
1020 703 1254 792 ἐμωράνθησαν)
1277 712 1308 768 et

16 830 17 833 ¹
56 799 64 809 ’
133 812 218 873 liberi
242 812 373 872 homines
400 812 604 872 deseribuntur
630 805 791 895 (ἤλλαξαν,
821 807 875 874 οὐκ
896 808 1105 895 ἐδοκίμασαν).
1150 811 1308 884 Quaeritur

134 915 234 993 etiam,
267 934 319 975 our
351 933 409 975 non
442 933 542 976 omnes
574 896 706 976 homines
734 915 809 992 justi
842 915 1011 976 recidantur.
1056 916 1114 976 Gur
1146 916 1222 975 eninr
1244 933 1307 975 nun

134 1019 266 1078 omnibus
292 1020 460 1081 hominibus
485 1021 562 1079 dona
587 1018 751 1096 spiritualia
772 1020 853 1079 Deus
876 1020 939 1097 dat,
965 1025 1002 1088 ,ut
1022 1019 1109 1095 plane
1131 1018 1216 1079 liberi
1237 1016 1308 1078 liunt

134 1121 249 1181 arbitrii
277 1128 306 1183 et
337 1123 374 1182 ud
397 1124 491 1183 Deum
524 1142 556 1184 se
586 1128 756 1184 convertere
778 1123 913 1199 possint?
941 1124 997 1184 Vel
1020 1116 1163 1199 quomodo
1186 1121 1308 1199 eogitari

133 1229 244 1303 potest,
276 1244 451 1301 quemquam
479 1228 567 1302 plane
595 1226 679 1287 liberi
700 1226 809 1287 fautum
830 1227 944 1287 arbitrii
977 1232 1007 1287 et
1028 1229 1123 1287 Deum
1156 1228 1231 1287 bene
1260 1242 1307 1285 eo-

135 1335 324 1404 gnuseentenr
346 1348 411 1391 eum
433 1330 613 1407 reprobare?

219 1435 354 1509 Longum
385 1439 429 1513 est
458 1435 511 1495 has
546 1432 733 1495 difficultates
764 1434 939 1512 dissolvere,
970 1417 1066 1509 neque
1100 1433 1206 1512 debe03
1240 1449 1308 1492 nam

81 1572 90 1583 ψ
135 1537 244 1598 Paulus
265 1554 324 1597 non
350 1537 473 1598 disserte
494 1556 556 1597 rem
577 1542 694 1598 tractat.
739 1539 821 1597 Haeo
842 1537 1003 1603 sufficiunt:
1034 1537 1209 1598 antinomias
1232 1554 1308 1612 quae

134 1640 267 1700 oriuntur
293 1660 330 1700 ex
356 1640 540 1718 respicienda
562 1642 618 1701 Dei
639 1641 850 1718 omnipotentia
866 1641 1041 1718 justitiaque
1057 1646 1086 1700 et
1105 1658 1203 1701 amore
1219 1643 1308 1713 atque

136 1763 172 1802 ex
194 1744 340 1803 hominum
363 1744 484 1827 arbitrio
507 1749 537 1804 et
559 1745 674 1805 actione
696 1745 789 1806 libera
811 1740 910 1828 (modo
930 1763 1020 1821 supra
1035 1739 1183 1826 expositu)
1198 1742 1309 1802 Paulus

136 1852 165 1906 et
186 1847 248 1922 ipse
271 1849 347 1907 bene
370 1848 528 1923 eognosait.
573 1849 661 1908 Modo
683 1850 806 1909 alteram
828 1853 942 1924 partem
958 1849 1041 1908 effert
1059 1847 1205 1925 leudibus,
1221 1845 1308 1905 modo
1407 1848 1416 1853 '

15 2008 16 2015 ,
136 1951 268 2029 alteram,
291 1955 325 2011 ut
340 1956 442 2012 neutra
457 1970 526 2027 pars
541 1952 717 2029 negligatur.
747 1952 900 2013 Hominem
916 1970 1032 2012 servum
1048 1951 1164 2012 videtur
1180 1955 1310 2011 statuere

135 2055 219 2113 Rern.
243 2056 261 2111 9
285 2059 315 2113 et
339 2057 391 2132 11,
423 2055 594 2131 praesertim
626 2058 654 2134 9,
682 2058 729 2115 ll.
755 2056 794 2142 li
809 2074 848 2118 ss.
899 2055 956 2116 seu
985 2075 1023 2115 ne
1052 2075 1089 2116 ex
1118 2055 1164 2115 his
1193 2053 1310 2130 quidem

135 2157 367 2234 expositionibus
390 2158 555 2220 libertatem
577 2160 725 2220 huminum
748 2177 860 2219 omnem
876 2160 969 2220 voluit
991 2160 1105 2238 delere;
1130 2177 1197 2218 nam
1213 2174 1242 2216 v.
1261 2158 1309 2231 12.

15 2258 16 2265 ’
136 2260 243 2336 legitur
265 2258 301 2323 ἐκ
317 2262 369 2323 τοῦ
384 2263 546 2337 καλοῦντος
560 2269 649 2339 atque
672 2283 701 2322 v.
719 2265 773 2324 22:
802 2257 926 2347 ἤνεγκεν
947 2261 978 2326 ἐν
993 2262 1090 2344 πολλῇ
1112 2257 1310 2345 μακροθυμίᾳ

15 2404 16 2407 =
136 2359 227 2445 σκεύη
265 2359 362 2447 ὀργῆς.
421 2365 499 2440 Quin
536 2367 631 2443 ipsum
669 2367 843 2427 vocabulum
876 2361 965 2450 ὀργῆς
1005 2364 1113 2426 homini
1144 2362 1310 2424 libertatem
1401 2390 1406 2397 1

136 2468 281 2568 quandam
297 2468 437 2529 vindieat.
467 2470 624 2531 Problemn
638 2489 709 2530 veru
724 2471 818 2547 ipsum
838 2470 1013 2531 describitur
1028 2472 1056 2549 9,
1076 2470 1128 2529 19:
1159 2465 1235 2552 ἐρεῖς
1261 2485 1311 2548 μοι

121 2569 193 2633 οὐν·
222 2568 253 2634 τί
274 2559 323 2634 οὖν
345 2567 390 2634 ἔτι
420 2571 586 2655 μέμφεταις
615 2575 658 2658 τῷ
685 2569 742 2656 γὰρ
771 2570 940 2656 βουλήματι
967 2568 1057 2637 αὐτοῦ
1086 2570 1133 2645 τίς
1163 2565 1312 2652 &abiura-

135 2695 199 2746 κεν;
218 2676 284 2743 vhoo
311 2680 369 2736 est:
399 2694 496 2736 noune
522 2678 672 2738 voluntate
695 2679 830 2740 absoluta
845 2676 903 2736 Dei
924 2677 1017 2737 libera
1043 2676 1188 2736 hominum
1210 2674 1313 2734 velnn·

15 2800 16 2869 ss
136 2783 183 2838 tua
220 2779 336 2838 omnino
372 2779 497 2858 tollitur,
537 2786 570 2840 ut
603 2800 662 2841 uon
695 2781 822 2841 debeant
854 2780 1026 2859 vituperari,
1057 2784 1090 2840 nt
1123 2779 1217 2839 etiam'
1239 2777 1312 2838 fides

15 2900 16 2903 ¹
138 2899 236 2940 eorum
258 2883 335 2942 aetio
349 2900 407 2942 non
429 2884 487 2959 sit?
515 2886 685 2962 Respondet
707 2902 778 2946 vero
793 2885 916 2945 Paulus:
950 2884 1101 2967 μενοῦνγε,
1118 2870 1309 2966 ternpore,

15 3008 16 3025 2
138 2978 173 3046 ub
193 2982 241 3059 τίς
262 2977 318 3048 ets
335 2981 623 3070 ἀνταποκρινόμενος
637 2990 679 3074 τῷ
692 2988 770 3073 ἓντῷ,
801 2990 921 3050 Maneat
935 2989 1071 3049 voluntas
1085 2986 1142 3047 Dei
1164 2986 1310 3046 absoluta.

138 3088 240 3148 Potest
262 3090 342 3150 Deus
371 3091 482 3169 faeere,
514 3110 591 3167 quae
613 3094 688 3171 vult,
721 3092 829 3169 eligere
856 3110 929 3169 quus
955 3092 1028 3152 vult.
1072 3092 1119 3150 Tu
1140 3108 1199 3150 non
1221 3090 1313 3149 habes

15 3220 17 3229 ¹
133 3191 184 3267 jus
206 3193 233 3251 ei
256 3195 484 3269 contradicendi.
529 3195 587 3256 Sed
604 3184 798 3257 eontradiois:
829 3196 915 3274 facis,
939 3196 1019 3271 quod
1033 3213 1092 3255 non
1113 3195 1216 3272 debes3
1248 3193 1312 3268 agia
1357 3204 1359 3207 ·

15 3310 17 3383 ᾖ
138 3301 240 3355 eontra
261 3297 318 3355 Dei
344 3299 539 3377 voluntatem,
569 3300 637 3359 dum
664 3300 779 3374 quaeris
805 3300 842 3359 de
868 3299 919 3359 illa
941 3299 1112 3374 antinomia3
1144 3296 1312 3373 quaerendo

137 3400 312 3459 te'liberum
334 3403 473 3483 ppaebes;
503 3403 602 3464 mittas
624 3404 713 3479 igitur
735 3404 875 3480 ejusmodi
895 3402 1102 3480 eogitationes,
1116 3400 1313 3462 antinumianr

15 3520 16 3527 ¹
138 3519 265 3578 agnosce
289 3533 327 3546 —-
352 3505 512 3583 eredendo,
535 3506 592 3566 fide
615 3502 658 3589 (p.
682 3503 748 3589 37).

624 3780 827 3795 ——u-—q--u-n

562 4056 566 4065 1
689 4004 766 4085 ΙΙΙ.

227 4142 422 4223 Aggreuimur
431 4143 495 4219 jam
506 4141 544 4201 ad
559 4141 699 4218 epistulas
710 4140 876 4226 Ephesiis
887 4138 1184 4224 Philippensibus
1195 4137 1311 4208 Gulos-

15 4268 17 4275 ·
140 4242 303 4310 sensibus
336 4241 543 4309 Philemoni
575 4246 688 4306 missas.
750 4249 794 4307 De
828 4247 934 4322 quibus
966 4265 1024 4306 non
1047 4246 1150 4306 multa
1187 4245 1312 4306 dicenda
1409 4250 1417 4261 “

140 4349 287 4410 videntur.
332 4348 452 4409 Constat
485 4348 573 4427 enim,
606 4338 666 4410 non
693 4350 829 4427 explicite
862 4351 907 4410 his
939 4350 1070 4426 epistolis
1101 4350 1138 4410 de
1166 4349 1224 4409 fide
1253 4350 1311 4426 egi.
