3050 4848
580 257 892 362 ---41--ι

11 482 23 519 t
119 471 243 544 debent3
270 476 360 545 egent
380 476 412 529 ut
434 470 529 531 velint.
574 471 638 531 Hos
666 485 737 529 vero
766 470 857 529 solum
879 468 1011 529 omnibus
1036 470 1066 528 in
1091 469 1178 546 robus
1201 486 1289 544 quoe·

20 588 27 623 r
118 577 197 648 runt,
227 578 258 633 ut
278 562 333 634 Dei
355 573 493 634 honorem
523 576 661 647 ungentes
688 564 724 631 ei'
742 588 855 647 semper
881 572 1016 653 plooeent
1045 567 1083 633 ΙΙ.
1106 571 1173 636 Gor.
1196 573 1225 645 5,
1253 574 1290 644 9,

11 690 23 727 -ῑ
119 672 235 737 earnem
257 693 326 738 vero
347 679 515 752 impugnent
537 674 601 735 Gul.
617 676 645 749 5,
671 677 709 735 16
731 661 770 736 ss.
813 676 846 734 In
868 675 924 734 hoo
946 677 1104 753 enim—stat
1124 675 1193 735 fidei
1214 676 1290 735 aetio

11 795 24 833 t
116 781 209 854 primo
220 779 297 856 (pag,
315 781 334 839 5
349 797 387 842 ss.
402 781 464 855 30),
485 784 518 838 ut
533 780 589 839 Dei
603 780 699 853 gretie
712 779 885 853 oooipietur3
908 779 939 837 in
960 778 1085 839 tenendo
1106 777 1201 853 gretie
1222 794 1288 852 per-

11 900 27 937 e
117 888 169 958 get
189 883 274 945 homo
295 878 403 956 fidelis',
425 883 563 955 utjustus
577 898 634 941 non
650 882 744 942 fectus
759 882 850 942 solnm
865 880 917 954 sit,
939 881 990 941 sed
1012 886 1135 944 maneat.
1169 882 1292 956 Oportet
1407 902 1409 905 ·
1471 956 1477 969 ρ

19 1010 21 1017 ’
118 1002 265 1063 creseere,
297 989 412 1060 oportet
439 983 550 1045 tedere
579 985 602 1047 L
630 984 696 1045 (lor.
724 988 756 1058 9,
788 985 842 1056 253
877 981 1022 1044 Christum
1051 984 1169 1059 oportet
1198 986 1291 1059 magis

17 1120 26 1146 ψ.
116 1088 269 1164 magisque
291 1091 321 1148 in
346 1089 429 1149 nobis
457 1086 656 1171 μορρυλῆυαι
685 1087 748 1147 (iul.
771 1089 808 1162 4,
839 1089 888 1151 19.
937 1067 1006 1146 Vult
1030 1092 1128 1147 entem
1153 1088 1234 1147 Deus
1259 1091 1293 1147 nt

11 1214 22 1252 ,ι
117 1192 224 1252 fratres
246 1208 387 1265 ememus,
413 1208 502 1264 quere
526 1192 589 1250 solo
609 1187 709 1263 πίστις
730 1185 764 1252 δι’
789 1183 911 1272 ἀγάπης
933 1187 1123 1272 ἐνεργουμένη
1145 1183 1241 1271 ἰσχύει
1262 1209 1292 1252 τι

118 1312 216 1356 eoram
242 1295 306 1355 Deo
328 1293 391 1353 Gal.
414 1294 443 1368 5,
466 1296 484 1352 6
513 1292 549 1352 ol.
570 1295 594 1357 Ι.
617 1292 682 1353 (lor.
708 1295 761 1365 10,
784 1294 834 1355 24.
879 1293 962 1353 Heeo
988 1294 1064 1353 enim
1092 1298 1137 1353 est
1161 1286 1292 1354 uoluntas
1318 1338 1320 1343 ι

20 1406 25 1459 2
117 1400 175 1459 Dei
196 1413 340 1473 nunquam
362 1396 501 1457 solvende
522 1397 560 1459 Π.
584 1396 650 1461 Gor.
673 1397 702 1468 5,
727 1399 766 1455 10
789 1394 826 1459 ot.
848 1414 914 1471 pag.
937 1399 992 1468 203
1023 1413 1107 1471 quum
1129 1398 1178 1470 qui
1199 1398 1296 1471 sequi·

11 1558 26 1563 ,.
118 1506 174 1577 tur,
205 1497 316 1580 σπείρει
348 1496 390 1572 εἰς
419 1493 454 1561 τὸ
486 1500 605 1580 πνεῦμα
633 1511 662 1558 et
683 1495 797 1581 neptes
820 1494 897 1575 ζυὴυ
919 1494 1032 1563 αἰύυιου
1053 1499 1117 1561 Gal.
1141 1502 1217 1573 6,8
1246 1501 1293 1560 uel

11 1634 20 1671 r:
118 1605 193 1665 bene
215 1601 384 1663 aedificatus
407 1607 452 1662 est
474 1603 503 1661 in
524 1602 630 1662 bonum
653 1601 869 1662 fundamentum
889 1604 911 1661 Ι.
935 1602 1003 1665 Cor.
1025 1603 1072 1676 14,
1095 1604 1114 1662 3
1137 1604 1174 1662 el.
1205 1603 1293 1663 Vide·

15 1736 27 1751 ν
119 1725 182 1767 mus
205 1707 324 1767 eundem
348 1720 462 1780 semper
483 1705 553 1765 fidei
572 1706 732 1779 notionem,
760 1707 906 1766 notionem·
924 1706 1036 1766 soilioet
1058 1682 1293 1780 apprehendendi

118 1827 234 1885 semper
255 1811 350 1870 denuo
371 1810 465 1870 Deum
486 1813 517 1869 et
539 1810 602 1883 ejus
623 1807 745 1884 donu.1)
789 1824 791 1828 ·

203 1914 270 1975 Jom
292 1914 384 1972 oritur
404 1914 548 1988 quaestio,
572 1911 743 1987 quomodo
766 1913 904 1986 singulo
925 1912 1150 1987 explicentur
1171 1917 1294 1987 postu·

17 2049 24 2101 ¹:
119 2022 196 2078 lete
218 2035 258 2077 ex
279 2017 444 2104 generali
467 2015 559 2074 fidei
581 2011 777 2096 notionel)
800 2016 860 2074 sive
883 2032 918 2075 ex
941 2015 1003 2075 sole
1026 2017 1127 2089 regule
1149 2016 1244 2075 ethion
1263 2017 1294 2075 in

11 2138 22 2181 Jv
118 2122 177 2182 fide
204 2119 351 2180 conclusa:
382 2113 483 2182 πάντα
514 2115 557 2192 είς
580 2112 673 2193 δόξαν
700 2118 780 2182 {teod
809 2122 920 2181 ποιεῖτε
946 2121 970 2180 L
993 2120 1057 2181 Cor.
1083 2121 1136 2194 10,
1164 2122 1213 2179 31.
1263 2118 1294 2180 si

13 2260 24 2291 .-‚
118 2226 194 2286 eninr
215 2222 272 2284 fide
293 2224 390 2297 gretia
403 2223 459 2282 Dei
481 2223 523 2282 ito
544 2223 695 2298 pecipitur,
719 2227 752 2282 ut
773 2225 850 2282 omni
871 2224 975 2283 merito
997 2224 1113 2284 exoluso
1135 2224 1223 2283 solius
1238 2223 1293 2282 Dei

11 2366 15 2402 .·
118 2330 251 2388 servetur
271 2326 376 2400 honos,
398 2327 487 2385 vitam
509 2325 602 2385 fidelis
624 2327 666 2385 ito
680 2331 760 2400 eget,
783 2330 815 2384 ut
830 2326 906 2387 omni
921 2328 1025 2386 merito
1041 2327 1156 2387 excluso
1170 2327 1294 2401 gretiam

118 2430 174 2489 Dei
206 2428 275 2489 uelit
304 2435 417 2501 tenere,
451 2429 539 2489 solius
569 2429 626 2487 Dei
656 2445 798 2513 quaerens
829 2429 950 2503 gloriam
980 2447 1029 2491 ene
1060 2430 1186 2505 probens
1217 2430 1320 2514 viresb

14 2572 18 2608 3
118 2532 291 2608 spirituales,
308 2548 378 2607 quos
389 2531 467 2592 Deus
478 2533 540 2606 ipse
555 2532 583 2591 ei
594 2532 681 2592 dedit.
709 2532 840 2592 Postulat
849 2532 964 2607 quidem
974 2534 1122 2607 apostolus
1134 2531 1199 2592 Gal.
1212 2533 1240 2608 5,
1259 2534 1293 2591 l:
1332 2557 1335 2561 ·

12 2678 19 2697 r
118 2638 159 2717 τῇ
190 2632 347 2718 esstote
374 2629 502 2717 στήκετε
528 2630 582 2697 καὶ
609 2630 651 2716 μὴ
673 2629 762 2697 πάλιν
785 2636 860 2719 ζυγῷ
881 2631 1017 2709 δουλείας
1039 2634 1190 2715 ἐνέχεσῖιε.
1236 2635 1294 2695 Sed

12 2764 15 2817 j
120 2739 201 2799 addit
222 2758 247 2799 v.
273 2739 326 2798 13:
350 2733 438 2819 μόνον
460 2732 503 2820 μὴ
524 2732 579 2819 τὴν
601 2734 773 2819 ίλευὶιερίαυ
796 2734 839 2811 εἰς
861 2732 999 2821 ἀφορμὴν
1020 2740 1060 2820 τῇ
1082 2736 1185 2822 σαρκί,
1214 2732 1295 2801 ἀλλὰ

14 2900 17 2909 .
119 2837 171 2905 διὰ
201 2842 256 2923 τῆς
283 2834 406 2923 ἀγάπης
432 2835 585 2903 δουλεύετε
612 2835 760 2924 ἀλλήλοις.
814 2834 829 2903 ὁ
860 2835 918 2924 γὰρ
948 2842 1010 2915 πᾶς
1037 2836 1128 2923 νόμος
1154 2842 1220 2905 κτλ.
1258 2841 1294 2901 oi.
1349 2871 1357 2891 ι

118 2965 145 3005 v.
172 2946 322 3016 19—21;
345 2949 373 3018 6,
398 2947 451 3026 12;
472 2946 554 3005 Rom.
577 2947 605 3020 3,
627 2947 656 3007 8.
700 2944 795 3020 Supra
816 2945 893 3005 enirn
916 2947 955 3019 (p.
980 2948 1018 3005 19
1042 2944 1091 3023 ss.)
1114 2945 1294 3007 demonstro·

13 3108 18 3119 ,
119 3050 223 3121 rimor,
245 3048 300 3108 hoc
321 3049 469 3123 postulare
492 3048 584 3108 Deum
606 3065 730 3123 semper,
756 3050 811 3109 hoo
839 3065 903 3109 esse
927 3066 1025 3109 verum
1047 3045 1201 3130 δικαίωμα
1222 3050 1296 3124 legis

16 3208 17 3211 ,
118 3152 274 3212 Mosaiose.
319 3151 555 3218 Gratiamsuem
583 3170 667 3226 quum
693 3152 771 3212 Deus
798 3152 962 3212 hominibus
991 3152 1117 3222 dederit,
1142 3153 1184 3217 ita
1206 3150 1295 3225 dedit,

118 3259 153 3317 ut
181 3256 237 3314 hoc
266 3252 419 3336 δικαίωμα
448 3273 504 3315 non
532 3257 695 3331 neglexerit
723 3257 829 3330 quippe
855 3256 932 3330 quod
960 3273 1018 3316 non
1041 3257 1071 3316 in
1089 3255 1295 3329 justificatione

119 3376 325 3389 ..ω-*-

14 3424 15 3515 ᾖ
120 3445 165 3500 15:
190 3445 221 3498 In
244 3456 312 3512 pace
335 3441 423 3496 vocati
446 3456 540 3509 pueem
563 3444 719 3508 tenesmum
741 3441 770 3507 6,
792 3440 1048 3509 15.19;3,16s.:
1071 3456 1184 3509 corporo
1201 3447 1295 3495 nostru

120 3530 185 3600 quio
202 3528 254 3583 Dei
271 3534 334 3583 sunt
356 3544 390 3582 ne
413 3526 599 3597 profanemus3
624 3526 652 3596 5,
675 3528 704 3580 7:
728 3526 787 3581 sitis
809 3528 862 3582 υίου
881 3525 1001 3596 φύραμα,
1024 3525 1092 3582 siout
1113 3526 1179 3582 estis
1197 3521 1295 3595 rituum,

120 3616 155 3671 11.
175 3615 235 3670 Gor,
254 3615 278 3683 6,
297 3615 326 3667 1:
344 3613 459 3682 gretiam
479 3613 529 3667 Dei
548 3613 699 3682 accepimus
717 3643 750 3652 —
768 3611 804 3682 μὴ
824 3614 858 3675 εἰς
876 3610 946 3668 κευού
964 3615 984 3668 I.
1003 3614 1062 3669 Cor.
1082 3613 1122 3682 10,
1141 3613 1175 3666 14
1191 3629 1226 3666 ss.
1262 3616 1277 3635 ⁸·

210 3704 229 3767 ¹)
247 3702 354 3767 Lipsius,
372 3702 388 3751 l.
400 3720 420 3754 o.
430 3720 456 3767 p.
476 3701 528 3751 196
532 3721 540 3750 r
557 3701 606 3750 Die
623 3702 784 3767 undersuoqeoe
803 3699 1100 3765 Gepenriberrtellunp‘oon
1124 3697 1229 3749 Glandeo
1246 3699 1297 3749 und

126 3789 227 3841 Werken
245 3789 276 3838 r'rt
292 3806 340 3854 par
357 3789 420 3838 αιὀΙιί
440 3806 467 3838 ευ
488 3789 655 3854 uopaulioioch
676 3790 715 3839 als
737 3806 793 3838 man
814 3788 900 3850 meint,·
921 3787 954 3842 cf.
973 3788 1002 3839 ι’ὁ.
1018 3805 1045 3852 p.
1067 3785 1117 3836 125
1134 3805 1167 3839 ee.
1202 3785 1296 3850 Frielee,

121 3876 138 3927 l.
152 3893 172 3927 o.
182 3893 209 3939 p.
223 3875 247 3927 6.
282 3873 437 3929 Cauendum
456 3880 510 3942 est,
532 3891 566 3929 ne
589 3891 623 3928 ex
642 3862 710 3929 sola*
718 3871 782 3928 fidei
800 3872 887 3927 forma
901 3872 1008 3941 justitio
1026 3871 1098 3926 vitoe
1116 3875 1296 3939 construatur,

122 3960 194 4015 siout
212 3961 324 4013 Rdckert.
336 3961 460 4014 obstante
477 3961 573 4012 Boario
591 3967 703 4015 conotus
723 3965 772 4014 est.
798 3960 900 4014 Notum
918 3964 971 4028 est,
988 3974 1045 4012 rem
1064 3957 1202 4013 difficilem
1221 3972 1295 4026 esee,

123 4046 272 4102 exinani
295 4053 385 4102 nutem
409 4051 482 4101 certe
505 4046 568 4102 fidei
590 4047 699 4101 notione
723 4046 814 4101 nullae
837 4051 951 4115 possunt
972 4044 1076 4098 hauriri
1099 4044 1224 4114 regulee3
1248 4042 1296 4098 ned

121 4132 186 4187 fidei
203 4132 309 4188 notioni
326 4134 416 4201 gratie
433 4132 581 4202 respondet
598 4138 626 4186 et
644 4132 773 4187 revelatio
793 4131 889 4186 divine.
901 4161 935 4171 —
949 4129 971 4200 ²)
984 4133 1015 4186 In
1034 4132 1086 4186 hnc
1105 4148 1134 4185 re
1152 4136 1295 4200 tantopere

122 4218 234 4273 offendit
257 4220 364 4289 Riocll,
384 4214 424 4273 ¹ut
446 4219 530 4273 Paulo
559 4219 633 4274 dieat
661 4236 728 4291 opus
756 4219 841 4273 fuisse
866 4233 932 4273 suae
954 4219 1039 4288 ipsius
1061 4218 1203 4272 doctrinae
1226 4217 1295 4271 fines

122 4305 215 4373 egredi
232 4307 341 4360 Atrkart.
360 4307 461 4373 Kircte,
482 4304 533 4361 102
550 4325 569 4359 r.
605 4305 644 4362 Of.
663 4306 764 4371 Ewald,
783 4306 860 4357 [aeluro
877 4323 921 4359 ooo
941 4305 1007 4372 Gotc,
1026 4307 1044 4359 Ι
1049 4306 1074 4371 V,
1087 4323 1116 4375 p.
1137 4302 1186 4354 113
1202 4322 1234 4360 ts.
