3050 4848
685 296 898 357 ,54-

208 462 373 535 veritatem,
401 467 433 521 ut
460 479 495 521 ex
523 479 576 523 sua
600 464 729 539 ipsorum
751 467 898 526 voluntate
921 467 1046 526 scientes
1067 466 1135 526 fidei
1157 468 1299 526 actionem
1321 469 1385 526 sive

209 564 420 626 oboedientiam
452 565 581 626 veritatis
614 574 762 641 recusent,
796 567 833 627 cf.
867 587 954 643 supra
983 587 1048 644 pag.
1081 571 1100 630 l
1127 588 1150 630 s.
1181 576 1211 631 et
1241 587 1307 645 pag.
1332 573 1383 633 34.

208 666 301 727 Felici
326 685 394 727 vero
423 670 587 743 proconsuli
613 672 666 746 24,
697 673 827 732 10-21
857 672 996 746 explicat,
1027 673 1187 732 doctrinam
1218 689 1299 732 suam
1325 692 1386 733 non

210 770 369 831 abhorrere
383 788 401 830 a
415 771 569 848 Scripturis
584 773 678 833 Sacris
694 774 808 835 Veteris
823 775 1012 850 Testamenti,
1034 777 1120 834 immo
1135 794 1166 835 se
1181 767 1331 855 λατρείαν
1341 774 1388 855 τῷ

211 870 340 960 πατρῴῳ
365 874 430 958 ‘bap
456 882 486 935 et
508 871 654 939 πιστεύειν
675 877 764 941 πᾶσιν
786 894 859 953 quae
882 879 989 937 inillis
1011 878 1092 938 libris
1114 881 1223 954 scripta
1248 880 1316 951 sint,
1345 875 1385 938 cf.

210 994 275 1053 pag.
302 979 340 1037 17
362 995 385 1039 ο.
428 979 528 1052 Neque
551 996 619 1039 vero
642 981 677 1039 de
698 980 766 1040 fidei
789 982 962 1041 christianae
985 981 1105 1054 objectis
1128 983 1217 1041 multa
1238 982 1278 1041 ibi
1300 979 1387 1039 affert

210 1081 266 1141 nisi
294 1081 330 1139 de
357 1083 567 1142 resurrectione
593 1089 784 1156 mortuorum3
812 1102 868 1144 non
890 1086 965 1144 enim
987 1086 1099 1158 putavit
1120 1090 1256 1160 oportere
1278 1085 1385 1158 ubique

212 1185 308 1244 omnia
336 1184 445 1258 dicere,
473 1185 525 1244 sed
554 1188 704 1261 unicuique
735 1204 807 1262 qnae
841 1190 932 1263 possit
962 1189 1136 1265 intelligere,
1169 1189 1203 1247 cf.
1237 1205 1301 1262 pag.
1335 1189 1386 1246 36.

212 1286 349 1346 Ethicam
371 1304 439 1347 vero
462 1288 648 1349 christianam
671 1308 743 1364 quae
766 1309 782 1350 e
804 1291 861 1351 fide
882 1296 1016 1350 nascatur
1031 1292 1168 1351 describit
1181 1311 1206 1351 ν.
1225 1293 1279 1350 16:
1304 1285 1390 1352 ἀσκῶ

213 1384 400 1472 ἀπρόσκοπον
433 1388 594 1474 συνείδησιν
626 1388 704 1473 ἔχειν
725 1387 800 1476 πρὸς
821 1387 872 1455 τὸν
893 1388 968 1457 hebr
990 1387 1388 1476 intromittebant&

213 1489 342 1571 παντός,
379 1495 415 1553 cf.
438 1511 504 1569 pag.
527 1497 565 1555 41
591 1514 612 1554 s.
662 1498 763 1556 Denuo
800 1499 1040 1556 resurrectionem
1070 1500 1100 1555 in
1129 1499 1258 1557 oratione
1288 1515 1387 1556 eoram

211 1599 342 1672 Agrippa
365 1598 463 1657 habita
485 1616 508 1660 ο.
532 1602 573 1658 26
596 1606 697 1679 urget,
715 1616 789 1674 quae
812 1600 927 1674 quidem
948 1602 1027 1660 nulla
1048 1600 1125 1661 adsit
1146 1618 1233 1661 causa
1255 1617 1306 1659 cui·
1328 1617 1386 1659 non

213 1716 268 1774 pro
279 1718 348 1759 vero
360 1701 572 1769 habeaturv.8:
584 1721 641 1762 non
653 1704 730 1762 omni
743 1721 777 1762 er
788 1709 871 1778 parte
883 1719 1001 1778 eaquae
1013 1705 1157 1764 credenda
1167 1710 1232 1763 sunt
1244 1704 1389 1763 obsistunt

213 1804 320 1862 rationi
346 1805 499 1879 humanae,
530 1806 565 1866 cf.
588 1824 653 1880 pag.
676 1807 725 1865 37.
770 1806 806 1866 Se
835 1808 927 1881 ipsum
956 1807 1098 1881 quondam
1129 1806 1283 1866 confitetur
1313 1804 1386 1865 laiso

214 1906 287 1965 haec
317 1908 463 1981 opinatum
495 1926 557 1968 esse
579 1927 604 1967 v.
628 1911 666 1985 9.,
701 1910 753 1968 sed
780 1916 881 1984 postea
910 1911 1072 1968 convictum
1100 1927 1162 1969 esse
1188 1912 1248 1970 uiso
1272 1909 1386 1968 Christo

214 2012 290 2082 vivo,
320 2027 411 2085 neque
442 2012 671 2073 inoboedientem
703 2011 788 2072 fuisse
819 2012 858 2093 τῇ
881 2007 1003 2098 οὐρανίῳ
1030 2007 1163 2097 ὀπτασίᾳ
1188 2032 1213 2072 ν.
1245 2013 1305 2084 13,
1336 2012 1386 2071 sed

210 2115 329 2188 jussisse
352 2116 485 2175 homines
517 2121 671 2197 μετανοεῖν
700 2110 753 2178 καὶ
776 2114 958 2198 ἐπιστρέφον
986 2111 1036 2177 ἐπί
1062 2110 1114 2179 τὸν
1134 2110 1208 2181 beda
1233 2109 1306 2190 ἄξια
1332 2115 1387 2196 τῆς

215 2213 376 2298 μετανοίας
405 2214 594 2301 πράσσοντας
624 2239 652 2280 ν.
682 2221 731 2280 20.
789 2219 898 2291 Quibus
934 2219 1029 2279 verbis
1059 2218 1126 2278 fidei
1158 2225 1187 2278 et
1214 2221 1326 2278 initium
1359 2224 1389 2277 et

215 2322 457 2381 continuationem
489 2322 612 2381 describi
649 2341 685 2382 ex
714 2335 749 2382 eo
780 2340 892 2397 quoque
924 2323 1105 2399 perspicitur,
1145 2322 1221 2396 quod
1248 2321 1388 2382 vocabulo

215 2418 289 2487 ’ὅὶιεν
310 2426 382 2484 haec
399 2426 581 2500 praedicatio
603 2430 702 2485 secuta
717 2415 779 2486 esse
795 2406 973 2499 significatur
987 2426 1154 2485 mandatum
1168 2426 1284 2485 Domini
1299 2426 1389 2484 Paulo

218 2527 318 2586 datum
340 2546 364 2587 ν.
390 2528 428 2587 17
451 2547 490 2590 s:
518 2522 634 2606 ἀνοῖξαι
656 2523 835 2612 ὄρῖιαλμοὺς
857 2525 964 2606 αὐτῶν,
988 2529 1040 2591 τοῦ
1062 2526 1268 2610 ἐπιστρέψαι.
1293 2575 1314 2604 .,
1338 2529 1391 2591 τοῦ

215 2632 358 2709 λαβεῖν..
376 2627 473 2695 πίστει
494 2634 533 2714 τῇ
556 2630 600 2708 είς
621 2632 689 2715 ἐμέ,
714 2634 788 2693 unde
811 2635 1019 2708 cognoscimus,
1041 2629 1140 2695 πίστιν
1162 2649 1226 2692 esse
1246 2635 1389 2691 actionem
1407 2692 1411 2700 ,

217 2735 376 2809 accipiendi
398 2735 475 2795 dona
497 2738 557 2819 ejus
579 2739 742 2814 spiritualia
758 2740 939 2811 conjnnctam
955 2754 1018 2796 cnm
1033 2736 1227 2797 convertendo
1242 2737 1272 2794 in
1286 2737 1388 2794 Deum.

217 2838 361 2898 Summam
388 2857 456 2900 vero
482 2840 707 2921 praedicationis
734 2858 802 2901 suae
829 2842 974 2916 apostolus
1004 2860 1031 2903 v.
1060 2841 1097 2900 21
1127 2838 1248 2921 adicit
1275 2856 1389 2913 semper

216 2942 304 3003 fuisse
329 2943 474 3003 Christum
496 2945 543 3019 qui
565 2961 664 3019 passus
687 2946 724 3003 sit
746 2951 776 3004 et
799 2943 1002 3021 resurrexerit,
1034 2945 1079 3003 cui
1105 2944 1149 3003 vel
1175 2944 1333 3016 prophetae
1360 2947 1391 3001 et

216 3048 314 3106 Moses
334 3048 499 3122 servierint,
522 3048 559 3111 cf.
582 3064 646 3122 pag.
664 3049 713 3107 35.
750 3048 858 3108 Ultimo
882 3047 1005 3121 denique
1028 3048 1121 3118 capite
1145 3046 1238 3104 denuo
1259 3046 1388 3120 perspici

216 3156 324 3228 potest,
354 3150 496 3225 quomodo
526 3152 756 3210 universalismus
787 3151 835 3224 qui
863 3151 966 3209 dicitur
988 3150 1122 3209 Paulinus
1152 3167 1216 3208 cum
1238 3149 1306 3208 fidei
1329 3151 1388 3222 ejus

217 3255 333 3314 notione
355 3255 523 3330 cohaereat,
546 3253 580 3313 cf.
602 3272 630 3328 p.
656 3255 697 3313 34
721 3273 742 3312 s.

701 3358 904 3366 ——-.-—--.

771 3528 839 3608 VI.

304 3670 369 3729 Jarn
392 3672 540 3730 Paulinam
567 3670 634 3728 fidei
656 3671 802 3729 notionem
829 3671 928 3743 paucis
951 3680 1147 3742 comparemus
1171 3686 1234 3727 curn
1257 3687 1292 3727 ea
1317 3684 1389 3742 quae

219 3774 364 3833 invenitur
385 3776 414 3832 in
437 3776 560 3848 epistola
581 3773 619 3831 ad
641 3769 826 3836 Hebraeos
849 3774 956 3846 scripta
979 3778 1009 3829 et
1029 3774 1058 3830 in
1082 3772 1205 3845 epistola
1226 3766 1363 3836 laconi.

304 3878 348 3936 Ea
369 3894 442 3952 quae
459 3879 546 3937 estin
563 3878 684 3952 epistola
696 3877 733 3935 ad
748 3877 896 3936 Hebraeos
907 3877 994 3933 missa
1005 3873 1027 3951 ¹)
1050 3891 1068 3933 a
1083 3876 1206 3934 Paulina
1227 3891 1283 3932 non
1305 3876 1389 3948 plane

309 4046 328 4114 ¹)
347 4046 384 4103 Of.
407 4048 542 4112 Delirzscl,
568 4046 713 4097 Commeator
734 4063 784 4094 auin
803 4043 986 4110 Hebrr‘icrbrief,
1012 4042 1088 4108 1857,
1103 4062 1129 4109 p.
1150 4040 1297 4106 511—522,
1315 4056 1390 4108 prae·

220 4134 312 4190 sertim
330 4152 356 4203 p,
375 4135 426 4188 518
444 4141 471 4188 et
489 4134 548 4187 520.
565 4185 568 4190 ,
583 4133 673 4184 Schola
690 4150 715 4201 p.
730 4131 780 4185 100
798 4128 831 4185 tf.
844 4131 886 4184 99.
921 4131 1027 4181 Rdclcert
1038 4147 1064 4198 p.
1078 4130 1128 4183 264
1140 4143 1160 4182 s.
1196 4129 1282 4178 Immcr
1293 4144 1319 4196 p.
1331 4127 1388 4181 413.

221 4224 367 4291 θοίνιοερίεν,
386 4220 535 4287 Nochoposl.
554 4221 681 4286 Zeitaltcr,
700 4220 740 4285 ΙΙ,
756 4237 782 4284 p.
803 4215 860 4267 322
871 4236 890 4270 s.
908 4217 942 4268 ol.
978 4216 1066 4281 Bleek,
1087 4217 1208 4268 Commeat.
1222 4215 1259 4279 II,
1272 4212 1297 4266 2.
1313 4212 1388 4281 1840,

217 4333 244 4384 p.
264 4310 342 4363 154⁸.
364 4310 420 4362 719.
442 4306 501 4364 721.
536 4326 557 4361 υ.
571 4307 612 4356 Ηο
626 4324 709 4375 anana,
728 4307 744 4360 l.
763 4325 781 4356 c.
802 4305 839 4374 II,
855 4323 881 4369 p.
903 4301 956 4352 635
968 4322 1000 4358 se,
