3050 4848
702 284 913 353 ..¹30...
1018 280 1019 285 ’
1150 297 1163 331 r

222 465 316 529 Dens:
342 471 375 527 ut
388 456 487 527 ‘bomo
515 466 715 527 oboedienter
730 468 864 541 accipiet,
893 482 967 541 quoe
1000 469 1116 528 excluso
1140 467 1217 527 omni
1239 464 1342 527 merito
1366 467 1399 527 ei

222 572 340 645 duntur,
370 576 401 630 ut
430 565 581 652 ἁμαρτίαν
609 575 639 629 et
668 570 838 641 injustitiam
866 571 944 629 illem
974 565 1039 630 tolli
1070 573 1146 630 sinet
1175 577 1205 630 et
1227 572 1282 632 Dei
1301 573 1398 630 solem

223 676 344 749 gretiam
367 679 513 747 agnoscet.
531 667 707 735 ‘Yuotcodem
727 674 815 747 igitur
839 673 909 733 illud
935 675 1098 734 accuratius
1124 678 1304 749 cognoscitur
1330 692 1398 736 esse
1452 722 1457 730 .

222 779 355 852 accipere
377 777 482 836 donum
504 774 640 850 divinum3
668 792 751 835 nemo
774 777 848 836 enim
871 775 1003 848 accipere
1025 782 1122 851 potest
1143 778 1198 837 nisi
1220 779 1395 853 accipiendo

222 899 252 941 se
274 882 302 940 ei
323 878 460 954 subdens,
483 880 532 951 qui
553 878 657 959 donat3
679 881 789 939 nullum
810 882 908 954 potest
928 879 1012 938 homo
1028 879 1092 939 Deo
1107 881 1237 942 tribuere
1252 883 1396 943 honorem

222 985 278 1043 nisi
300 1001 386 1058 quum
408 984 532 1057 accipiet
554 999 625 1055 quae
648 983 698 1042 ille
721 983 816 1042 donet.

306 1087 402 1146 Homo
429 1088 503 1145 euim
529 1085 651 1157 injustus
673 1087 732 1146 suis
752 1087 841 1161 ipsius
863 1074 971 1145 viribus
993 1103 1138 1162 nunquam
1161 1088 1239 1148 illem
1262 1090 1395 1150 volunte-
1503 1132 1504 1149 t

221 1197 280 1252 tem
306 1191 362 1253 Dei
399 1188 519 1263 implere
555 1191 675 1263 poterit,
714 1205 859 1263 nunquam
890 1206 1001 1249 omnem
1032 1190 1060 1248 e'i
1086 1189 1224 1251 honorem
1257 1193 1396 1253 tribuere.

221 1296 287 1355 Nou
309 1292 471 1353 habitatin
494 1306 541 1362 eo,
568 1292 678 1351 scilicet
698 1294 728 1350 in
750 1308 837 1352 carne
865 1294 939 1369 eJus,
967 1286 1096 1374 drubo'u,
1122 1293 1203 1352 Rom.
1232 1296 1260 1370 7,
1287 1298 1339 1369 183
1368 1293 1397 1358 ot

221 1392 306 1460 κατὰ
324 1390 424 1478 σάρκα
442 1390 503 1453 sive
518 1394 649 1454 homines
664 1401 796 1455 naturam
811 1401 963 1471 sequentes
982 1389 1024 1458 τὰ
1041 1396 1098 1477 τῆς
1116 1391 1229 1479 σαρκὸς
1242 1397 1397 1481 φρονοῦσιν

222 1503 250 1576 8,
274 1502 301 1578 5,
325 1501 404 1572 coJ'us
426 1492 566 1582 φρόνημα
585 1504 630 1558 est
642 1494 780 1573 bduuooc
793 1493 819 1558 νζ
837 1501 855 1557 6
872 1494 901 1558 et
915 1494 1017 1581 dubus
1032 1495 1074 1573 εἰς
1088 1495 1175 1564 bedu:
1196 1517 1254 1561 non
1276 1501 1398 1560 oboedit

221 1604 279 1676 legi
299 1604 368 1675 Dei,
390 1596 535 1684 οὐδὲγὰρ
557 1596 682 1664 δύναται
703 1618 729 1660 v.
753 1601 781 1661 7.
825 1602 864 1659 Et
889 1601 1010 1660 scientie
1038 1609 1068 1663 et
1089 1605 1222 1665 voluntas
1247 1604 1397 1663 hominum

222 1723 361 1781 perversa
387 1711 443 1781 est,
473 1707 600 1778 gentium
628 1711 657 1763 et
682 1705 880 1765 Israelitsrum
907 1705 990 1767 Rom.
1015 1708 1045 1781 1,
1069 1709 1166 1770 9—c.
1190 1709 1222 1784 2,
1248 1709 1308 1767 sine
1335 1708 1397 1767 ulla

223 1812 391 1884 exceptione
422 1810 450 1884 3,
482 1804 599 1868 9-220
630 1807 667 1870 cl.
694 1808 723 1881 4,
750 1810 807 1879 233
838 1809 867 1881 3,
893 1808 922 1870 4.
971 1810 1015 1869 Ne
1042 1811 1064 1868 ii
1094 1811 1206 1884 quidem
1238 1810 1396 1885 quidquem

222 1916 335 1990 velent,
353 1915 414 1986 oui
440 1928 537 1972 coram
564 1912 724 1972 hominibus
750 1914 895 1987 sepientes
923 1916 953 1972 et
979 1917 1110 1985 potentes
1137 1919 1167 1972 et
1191 1915 1302 1975 nobiles
1328 1918 1396 1973 sunt

221 2018 242 2076 1.
258 2017 323 2076 (lor.
342 2018 368 2091 l,
392 2017 536 2077 26-r29.
568 2009 707 2095 Ψυχικὸς
729 2009 889 2097 &toilonum
912 2009 944 2077 οὐ
963 2012 1084 2095 δέχεται
1098 2011 1140 2078 τὰ
1154 2018 1206 2081 τοῦ
1220 2013 1395 2098 πνεύματος

221 2118 275 2181 τοῦ
295 2118 370 2183 bend
393 2167 399 2181 .
423 2167 430 2181 .
454 2114 488 2181 οὐ
509 2114 633 2181 δύναται
653 2119 771 2199 γνῶναι,
794 2119 831 2178 ib.
855 2121 882 2191 2,
905 2119 1030 2179 5—14.
1142 2190 1144 2194 ³

309 2224 371 2296 Quo
397 2241 430 2283 re
455 2225 477 2281 ii
504 2224 553 2296 qui
579 2220 773 2308 justificentur
798 2240 817 2281 e
843 2223 932 2282 Paulo
958 2224 1043 2282 electi
1069 2225 1259 2299 nominentur,
1289 2227 1394 2298 quippe
1429 2239 1433 2247 ·

223 2331 271 2403 qui
298 2330 360 2387 sola
386 2337 417 2387 et
443 2328 535 2387 libera
562 2327 657 2398 gratio
683 2325 892 2399 praedestinati
920 2331 949 2383 et
976 2328 1069 2385 vocati
1096 2328 1153 2385 sint
1181 2328 1393 2401 adjustitiam,

223 2432 303 2489 Rom.
320 2432 348 2504 8,
372 2428 519 2500 28-303
540 2430 562 2489 Ι,
579 2428 645 2489 Gor.
664 2429 689 2500 l,
712 2428 753 2488 27
776 2447 811 2488 ss
846 2428 903 2489 Sed
926 2431 1054 2502 quemvis
1070 2429 1179 2490 electos
1195 2447 1243 2491 eos
1259 2406 1410 2505 appellet*

222 2541 318 2601 tomen
345 2550 402 2592 non
429 2533 502 2604 vult,
535 2532 705 2591 electionem
734 2533 909 2591 voluntatem
935 2534 1013 2604 illam
1041 2534 1096 2592 Dei
1124 2540 1253 2594 sanctem
1280 2535 1392 2606 tollere,

221 2639 272 2696 scd
294 2635 477 2713 confirmere3
499 2651 592 2708 neque
614 2634 835 2693 tollitliberom
855 2634 998 2709 quoddam
1013 2636 1135 2696 hominis
1150 2637 1316 2712 arbitrium,
1340 2637 1392 2697 sed

223 2756 337 2813 semper
362 2741 456 2813 ponit,
482 2755 597 2811 semper
623 2739 661 2796 ed
686 2739 768 2797 illud·
783 2738 934 2797 arbitrium
960 2740 1089 2799 scribens
1117 2745 1148 2798 et
1168 2740 1340 2814 praedicens
1361 2757 1392 2798 se

223 2844 372 2903 conuertit.
416 2843 496 2901 Heec
524 2858 634 2900 summu
661 2847 692 2900 et
717 2841 942 2900 laudabilissimo
963 2843 1075 2903 videtur
1098 2861 1161 2903 esse
1182 2844 1291 2918 gretie,
1320 2859 1392 2917 quae

223 2964 279 3004 non
301 2947 391 3006 solum
414 2962 551 3005 summum
570 2946 676 3005 bonum
693 2944 799 3003 homini
815 2944 915 3022 donet,
938 2946 989 3004 sed
1006 2949 1092 3005 etiem
1106 2949 1192 3019 vires,
1214 2952 1246 3006 ut
1261 2948 1392 3020 accipiet

223 3050 373 3108 Neminem
392 3049 511 3122 legimus
526 3049 549 3109 Ι.
568 3036 699 3120 Oors12,
722 3050 740 3106 3
763 3065 848 3121 posse
863 3048 961 3107 Jesum
983 3049 1128 3109 dominum
1150 3051 1313 3126 appellere,
1336 3050 1390 3108 nisi

224 3153 333 3227 Spiritu
367 3150 473 3211 Sancto
482 3148 499 3230 ;‘
523 3158 626 3210 manet
657 3153 745 3224 igitur
777 3152 946 3229 postulatio,
984 3160 1016 3212 ut
1047 3155 1101 3227 ipsi
1134 3169 1251 3227 agamus
1285 3152 1393 3228 aliquid

173 3266 177 3275 ‘
223 3256 382 3334 (appellare
411 3257 485 3314 enim
514 3256 592 3319 ectio
618 3255 757 3329 quaedam
784 3262 829 3314 est
853 3255 1003 3333 humens);
1020 3258 1109 3317 ,notio
1134 3257 1245 3331 gratiae
1268 3255 1393 3315 excludit

223 3361 355 3419 meritum
377 3359 543 3432 humanum,
565 3360 707 3418 actionem
729 3358 851 3419 hominis
873 3376 931 3418 non
954 3359 1088 3418 excludit
1100 3356 1125 3433 1)

308 3463 388 3535 Quae
409 3478 478 3521 vero
501 3467 545 3521 est
567 3463 617 3520 ille'
639 3461 781 3536 condicio,
804 3463 866 3520 sine
889 3479 945 3536 que
966 3463 1044 3522 Deus
1066 3463 1207 3521 neminem
1230 3464 1291 3523 vult
1309 3463 1390 3535 justi·

148 3561 151 3568 ’
177 3628 178 3631 ,
223 3566 337 3634 ᾒῡατίἳ,
353 3568 432 3639 Quae
455 3571 499 3625 est
520 3566 572 3623 ille
594 3567 682 3638 ectio,
705 3581 777 3638 quae
799 3581 857 3623 uon
879 3567 1040 3639 comparari
1062 3571 1157 3638 potest
1172 3583 1235 3624 cnm
1257 3567 1390 3640 operibus

224 3672 310 3744 legis,
340 3687 414 3744 quae
445 3686 502 3727 non
531 3669 610 3727 venit
641 3686 677 3728 ex
706 3673 783 3726 statu
801 3668 930 3740 justitiae
953 3667 1004 3726 sed
1026 3685 1083 3741 qua
1105 3668 1254 3728 obtinetur
1272 3670 1392 3743 justitia,
1418 3648 1422 3661 ¹

224 3791 299 3848 quae
320 3790 492 3847 quemquem
514 3789 596 3833 omne
618 3773 752 3831 meritum
774 3770 911 3843 excludit,
934 3778 1031 3830 temen
1058 3788 1154 3831 eorem
1175 3772 1239 3833 Deo
1266 3773 1344 3832 velet
1364 3780 1393 3834 et

223 3880 254 3937 iu
287 3894 390 3937 nouum
423 3876 567 3935 hominem
599 3875 726 3934 traducit
758 3879 878 3946 statum,
909 3889 981 3947 quae
1011 3879 1056 3934 est
1084 3875 1135 3934 ills
1162 3876 1238 3936 ectio
1261 3893 1318 3950 que
1339 3876 1392 3936 Dei

225 3990 428 4007 ὣ-η-ι--σ--ί-

312 4045 334 4113 ¹)
356 4044 443 4113 Ueteri,
462 4044 478 4096 l.
493 4062 513 4098 c.
523 4063 550 4110 p.
564 4041 625 4096 109:
647 4043 697 4093 eloe
716 4041 929 4110 Smsttleuqkeit,
947 4041 985 4093 die
996 4043 1098 4109 freilr'olr
1116 4045 1153 4094 ein
1166 4043 1291 4095 Minimus
1309 4045 1390 4099 loten.

225 4126 329 4201 Injuria
346 4132 466 4199 Rr'c'clcert,
487 4133 504 4184 l.
523 4150 542 4184 c.
558 4148 584 4195 p.
603 4125 674 4180 2722
698 4126 822 4178 Wdleielt
844 4146 896 4179 war
913 4130 960 4181 itm
977 4131 1047 4180 selbot
1063 4132 1128 4181 nieht
1144 4130 1213 4198 ilar,
1237 4131 1295 4180 dass
1318 4132 1391 4181 durch

225 4222 263 4273 dte
286 4220 410 4283 subjective
431 4218 576 4281 Bodioquoq
596 4216 639 4264 des
662 4212 779 4271 Gluubeor
802 4216 848 4265 dos
874 4214 992 4266 Gescdeok
1015 4217 1078 4267 nicht
1099 4217 1163 4266 mehr
1182 4234 1247 4281 qauz
1271 4216 1392 4267 desolent

225 4320 284 4360 liuor.
319 4307 457 4372 Hofmaoo,
473 4302 649 4367 Schrr'flbewci's
667 4300 709 4367 II,
723 4319 750 4365 p.
770 4300 829 4354 610.
