3050 4848
226 1077 326 1178 Quum
337 1118 470 1191 permulti
479 1118 538 1189 jam
551 1122 580 1174 et
590 1116 745 1176 doctissimi
762 1117 815 1175 viri
825 1116 861 1176 de
872 1113 941 1176 fidei
954 1115 1071 1175 notione
1086 1115 1175 1175 libros
1191 1114 1317 1175 conscri-

142 1218 294 1296 pserint¹)‚
308 1237 411 1278 uereor
424 1236 459 1277 ne
476 1220 661 1278 immodestus
674 1216 775 1278 videar
793 1218 887 1277 denuo
901 1219 938 1277 de
954 1218 1009 1277 hac
1020 1220 1137 1278 notione
1151 1220 1316 1292 scripturus.

143 1325 252 1382 Tamen
267 1339 324 1382 uon
336 1323 417 1397 potui
429 1324 494 1396 quin
510 1323 584 1381 hanc
595 1322 663 1380 mihi
676 1322 814 1394 eligerem
826 1323 984 1396 materiem,
1001 1323 1068 1396 qnia
1082 1325 1142 1380 tam
1157 1338 1214 1381 non
1228 1323 1319 1396 negli-

144 1427 240 1499 genda
255 1443 340 1500 quam
363 1443 381 1483 a
402 1426 499 1484 multis
522 1425 654 1498 neglecta
669 1424 738 1482 mihi
753 1425 912 1484 videbatur.
951 1425 1142 1497 Quamobrem
1161 1410 1319 1499 perquisivi

143 1530 228 1588 Pauli
250 1530 377 1603 apostoli
399 1529 544 1605 epistolas,
571 1533 604 1586 ut
625 1529 685 1600 eJus
708 1527 744 1586 de
765 1527 823 1586 fide
845 1530 971 1601 cogitata
992 1545 1077 1602 quam
1104 1529 1319 1587 accuratissime

143 1633 333 1706 perciperem,
348 1632 480 1705 quoniam
496 1630 583 1689 fidem
598 1633 674 1689 inter
687 1632 819 1691 notiones
834 1631 1008 1705 principales
1020 1631 1156 1690 Paulinas
1171 1647 1233 1690 esse
1249 1632 1320 1689 satis

143 1740 243 1795 notum
267 1738 320 1794 est.
362 1733 431 1794 Non
452 1734 589 1808 ignoravi,
611 1734 699 1792 etiam
722 1734 758 1792 de
779 1734 834 1792 hac
855 1751 887 1793 re
910 1735 1015 1794 multas
1034 1734 1095 1805 jam
1116 1724 1239 1794 inveniri
1261 1733 1320 1792 dis·

145 1839 333 1912 ceptationea
381 1836 458 1896 Satis
485 1840 529 1895 est
556 1853 792 1910 commemorare,
821 1853 920 1897 omnes
947 1837 1154 1897 reformatores
1180 1838 1319 1896 ecclesiae

145 1941 199 2001 uiti
221 1942 338 2000 notione
361 1939 429 1999 fidei
443 1940 580 2012 Paulina3
602 1942 671 1999 satis
686 1946 730 1998 est
745 1940 905 2014 adjungere
920 1936 1121 2016 Neandram,
1149 1936 1320 2013 Haterium,

145 2038 186 2103 F.
214 2038 247 2108 C.
270 2039 444 2104 Bcuuc’uuc.
481 2042 538 2103 Sed
560 2044 640 2102 notio
662 2042 731 2101 fidei
753 2045 845 2103 instar
866 2043 954 2103 fontis
976 2049 1035 2104 tam
1057 2044 1192 2120 profundi
1214 2049 1267 2121 est,
1289 2048 1322 2102 ut

146 2164 201 2219 ego
223 2149 336 2220 quoq'ue
358 2146 480 2207 fortasse
503 2164 538 2206 ex
561 2163 596 2205 eo
619 2148 798 2222 aliquantum
813 2148 965 2208 exhaurire
986 2149 1093 2223 possim
1108 2164 1201 2223 neque
1220 2149 1321 2206 timen-

146 2250 212 2309 dum
235 2251 307 2308 milri
329 2252 367 2309 sit
389 2268 424 2309 ne
446 2252 622 2312 exhauriam.
658 2251 753 2324 Atque
776 2252 844 2326 quid
859 2251 964 2329 obstat,
986 2252 1135 2326 quominus
1151 2256 1220 2311 nota
1234 2252 1321 2309 etiarn

146 2353 252 2427 diuque
276 2353 354 2412 dicta
375 2371 473 2413 rursus
496 2354 640 2429 dicantur,
672 2372 708 2413 ne
735 2355 811 2414 forte
833 2355 1056 2415 obliviscamur?
1094 2355 1231 2414 Ordinem
1252 2371 1322 2413 vero

147 2457 357 2517 dissertationis
378 2459 420 2516 ita
441 2458 630 2531 instituemus,
656 2463 688 2516 ut
708 2460 857 2532 prooemio
878 2458 1047 2519 brevissimo
1070 2458 1270 2529 antecedente,
1292 2458 1323 2515 in

148 2577 204 2632 quo
233 2559 269 2617 de
295 2561 354 2618 vita
380 2560 462 2621 Pauli
488 2578 581 2635 pauca
609 2562 753 2635 dicentur,
783 2563 897 2636 singula
923 2562 1109 2636 epistolarum
1136 2563 1322 2620 Paulinarum

148 2678 255 2735 genera
277 2666 309 2720 ut
329 2659 397 2722 fidei
420 2665 481 2735 ojus
503 2666 581 2724 notio
596 2661 622 2741 9)
648 2671 841 2738 cognoscatur
861 2667 1070 2739 perquiramus.

158 2934 161 2937 .
235 2884 255 2950 ¹)
274 2884 389 2939 Omissis
412 2884 536 2937 omnibns
559 2884 605 2951 qui
630 2884 738 2938 omnino
762 2883 796 2937 de
819 2885 975 2952 dogmatica
998 2885 1094 2954 scripti
1117 2889 1180 2938 sunt
1201 2884 1324 2953 inprimis

154 2988 188 3026 ex
205 2971 357 3026 nouissimis
380 2977 444 3024 noto
462 2971 496 3025 D.
515 2970 624 3021 Solulzii
641 2970 729 3039 (1834)
752 2976 780 3024 et
797 2970 916 3022 Kdatliuii
936 2970 1029 3039 (1859,-
1055 2970 1088 3026 cf.
1111 2970 1230 3021 Deomole
1249 2971 1326 3028 .Ῑα1ιν-1

150 3059 236 3108 bileber
252 3069 268 3111 t.
282 3060 300 3108 Ι
303 3058 341 3123 V.)
362 3058 395 3111 de
413 3056 467 3110 fide
485 3056 578 3125 librOS,
596 3062 678 3125 atque
692 3057 798 3109 Frcakii
811 3058 971 3123 Erlcopeuais
987 3059 1098 3124 „System
1117 3057 1160 3107 der
1177 3058 1327 3108 christicolae

152 3143 311 3209 Geuiesleid,
334 3144 381 3212 qui
403 3143 522 3210 quamvis
545 3144 579 3197 de
597 3142 649 3196 lide
671 3159 726 3196 non
744 3142 859 3198 disserte
877 3160 960 3212 agere
977 3143 1109 3212 videatur,
1131 3149 1224 3196 tamen
1241 3141 1327 3195 multa

151 3229 230 3283 affert
242 3229 276 3283 ad
288 3228 492 3298 intelligendam
504 3228 593 3297 fidem,
611 3228 726 3296 denique
739 3230 846 3280 Doraeri
861 3229 969 3297 „Spolem
982 3231 1024 3279 der
1035 3230 1185 3280 obrebtliolreo
1199 3228 1327 3279 Gloubeus·

153 3315 231 3365 lebre“
254 3322 315 3369 tom.
334 3315 355 3384 I,
373 3332 399 3384 p.
419 3315 527 3370 1-172,
546 3346 579 3354 -
598 3312 622 3381 ²)
644 3314 811 3384 Quamquam
839 3321 946 3369 constat
967 3315 1011 3385 (cf.
1039 3315 1129 3381 Ueteri,
1157 3315 1229 3368 Paul.
1251 3315 1328 3364 Lear-

151 3402 236 3465 bapriff
255 3400 332 3466 1834,
352 3421 378 3468 p.
397 3399 444 3467 93)
474 3401 659 3456 definitionem
681 3401 708 3454 in
731 3402 853 3471 epistolis
875 3401 995 3455 Paulinis
1017 3417 1072 3454 non
1093 3401 1214 3469 inveniri,
1236 3399 1334 3455 tamen

151 3485 250 3554 injuria
267 3503 322 3540 non
339 3487 406 3541 nulli
423 3488 544 3555 theologi
555 3488 669 3541 Paulum
687 3486 842 3542 distinctam
858 3487 922 3542 fidei
933 3488 1069 3542 notionem
1078 3488 1187 3542 omnino
1199 3486 1329 3541 babuisse

151 3577 260 3640 negant.
296 3573 368 3626 Miro
387 3573 465 3627 modo
484 3574 603 3628 diversas
624 3572 748 3629 notiones
770 3573 844 3643 apud
863 3589 924 3627 eum
944 3573 1122 3645 investigatas
1140 3573 1328 3641 conglutinare

151 3658 248 3712 solent.
284 3658 359 3727 Opus
377 3665 419 3712 est
436 3666 498 3714 ante
517 3660 606 3714 omnia
624 3675 709 3727 genus
727 3661 880 3729 proximum
898 3659 1070 3728 investigare,
1088 3660 1132 3713 cui
1149 3658 1231 3713 fidem
1242 3656 1329 3712 tribu-

152 3745 215 3813 erit,
243 3743 439 3814 quodquidam
461 3746 484 3799 si
506 3746 634 3800 invenero
658 3745 844 3802 satisfecisse
868 3745 933 3799 mihi
956 3746 1077 3800 videbor.
1113 3745 1155 3799 De
1172 3745 1329 3799 notionibus

152 3829 274 3884 Paulinis
306 3829 338 3884 of.
364 3831 458 3881 Frickii
486 3831 537 3885 viri
558 3831 708 3887 doctissimi
734 3832 768 3886 de
797 3831 1031 3911 Gal.3‚15725
1065 3831 1328 3899 commentationem,

154 3916 229 3985 1879,
246 3934 271 3986 p.
289 3917 313 3971 6.

208 4447 234 4489 G.
247 4447 476 4500 Schnedermann,
496 4447 528 4488 De
541 4447 591 4487 fidel
603 4449 690 4487 notione
702 4445 801 4487 namma
