<?xml version="1.0" encoding="UTF-8"?>
<!DOCTYPE html PUBLIC "-//W3C//DTD XHTML 1.0 Transitional//EN"
    "http://www.w3.org/TR/xhtml1/DTD/xhtml1-transitional.dtd">
<html xmlns="http://www.w3.org/1999/xhtml" xml:lang="en" lang="en">
 <head>
  <title>
</title>
<meta http-equiv="Content-Type" content="text/html;charset=utf-8" />
  <meta name='ocr-system' content='tesseract 3.04.00' />
  <meta name='ocr-capabilities' content='ocr_page ocr_carea ocr_par ocr_line ocrx_word'/>
</head>
<body>
  <div class='ocr_page' id='page_1' title='image "./defideinotionee01schngoog_0041.png"; bbox 0 0 3050 4848; ppageno 0'>
   <div class='ocr_carea' id='block_1_1' title="bbox 703 304 915 366">
    <p class='ocr_par' dir='ltr' id='par_1_1' title="bbox 703 304 915 366">
     <span class='ocr_line' id='line_1_1' title="bbox 703 304 915 366; baseline 0 -18"><span class='ocrx_word' id='word_1_1' title='bbox 703 304 915 366; x_wconf 76' lang='lat'>..23-</span> 
     </span>
    </p>
   </div>
   <div class='ocr_carea' id='block_1_2' title="bbox 158 463 1506 1480">
    <p class='ocr_par' dir='ltr' id='par_1_2' title="bbox 158 463 1506 1480">
     <span class='ocr_line' id='line_1_2' title="bbox 158 463 1396 551; baseline -0.002 -14"><span class='ocrx_word' id='word_1_2' title='bbox 158 532 166 551; x_wconf 74' lang='grc'><strong>,</strong></span> <span class='ocrx_word' id='word_1_3' title='bbox 221 473 366 537; x_wconf 89' lang='lat' dir='ltr'>hominem</span> <span class='ocrx_word' id='word_1_4' title='bbox 389 478 420 534; x_wconf 85' lang='lat' dir='ltr'>et</span> <span class='ocrx_word' id='word_1_5' title='bbox 441 489 528 547; x_wconf 88' lang='lat' dir='ltr'>super</span> <span class='ocrx_word' id='word_1_6' title='bbox 547 473 672 547; x_wconf 87' lang='lat' dir='ltr'>homine,</span> <span class='ocrx_word' id='word_1_7' title='bbox 694 473 770 531; x_wconf 93' lang='lat' dir='ltr'>unde</span> <span class='ocrx_word' id='word_1_8' title='bbox 791 473 972 549; x_wconf 78' lang='lat' dir='ltr'>perspicitur,</span> <span class='ocrx_word' id='word_1_9' title='bbox 996 490 1060 532; x_wconf 86' lang='lat' dir='ltr'>eam</span> <span class='ocrx_word' id='word_1_10' title='bbox 1082 490 1144 541; x_wconf 84' lang='lat' dir='ltr'>esse</span> <span class='ocrx_word' id='word_1_11' title='bbox 1166 474 1268 533; x_wconf 87' lang='lat' dir='ltr'>falsum</span> <span class='ocrx_word' id='word_1_12' title='bbox 1287 463 1396 536; x_wconf 83' lang='lat' dir='ltr'>statum</span> 
     </span>
     <span class='ocr_line' id='line_1_3' title="bbox 221 553 1397 653; baseline -0.001 -13"><span class='ocrx_word' id='word_1_13' title='bbox 221 577 379 653; x_wconf 81' lang='lat' dir='ltr'>falsamque</span> <span class='ocrx_word' id='word_1_14' title='bbox 398 577 519 642; x_wconf 92' lang='lat' dir='ltr'>huminis</span> <span class='ocrx_word' id='word_1_15' title='bbox 541 592 614 649; x_wconf 83' lang='lat' dir='ltr'>erga</span> <span class='ocrx_word' id='word_1_16' title='bbox 633 574 726 635; x_wconf 91' lang='lat' dir='ltr'>Deum</span> <span class='ocrx_word' id='word_1_17' title='bbox 749 553 932 651; x_wconf 82' lang='lat' dir='ltr'>relationem,</span> <span class='ocrx_word' id='word_1_18' title='bbox 955 594 1039 652; x_wconf 86' lang='lat' dir='ltr'>quam</span> <span class='ocrx_word' id='word_1_19' title='bbox 1062 593 1119 636; x_wconf 89' lang='lat' dir='ltr'>non</span> <span class='ocrx_word' id='word_1_20' title='bbox 1140 595 1229 653; x_wconf 89' lang='lat' dir='ltr'>penes</span> <span class='ocrx_word' id='word_1_21' title='bbox 1251 578 1397 639; x_wconf 87' lang='lat' dir='ltr'>huminem</span> 
     </span>
     <span class='ocr_line' id='line_1_4' title="bbox 223 661 1399 760; baseline 0 -20"><span class='ocrx_word' id='word_1_22' title='bbox 223 682 390 741; x_wconf 78' lang='lat' dir='ltr'>sibrectum</span> <span class='ocrx_word' id='word_1_23' title='bbox 411 679 550 755; x_wconf 84' lang='lat' dir='ltr'>reddere,</span> <span class='ocrx_word' id='word_1_24' title='bbox 578 677 643 741; x_wconf 82' lang='lat' dir='ltr'>Gal.</span> <span class='ocrx_word' id='word_1_25' title='bbox 665 679 694 756; x_wconf 91' lang='lat'>3,</span> <span class='ocrx_word' id='word_1_26' title='bbox 713 661 758 739; x_wconf 79' lang='grc'>29</span> <span class='ocrx_word' id='word_1_27' title='bbox 780 698 815 752; x_wconf 87' lang='lat' dir='ltr'>s.;</span> <span class='ocrx_word' id='word_1_28' title='bbox 843 682 918 740; x_wconf 87' lang='lat' dir='ltr'>Rom</span> <span class='ocrx_word' id='word_1_29' title='bbox 941 682 969 754; x_wconf 85' lang='lat'>5,</span> <span class='ocrx_word' id='word_1_30' title='bbox 994 682 1032 760; x_wconf 80' lang='grc'>19</span> <span class='ocrx_word' id='word_1_31' title='bbox 1055 698 1092 742; x_wconf 87' lang='lat' dir='ltr'>ss.</span> <span class='ocrx_word' id='word_1_32' title='bbox 1120 682 1195 740; x_wconf 91' lang='lat' dir='ltr'>sicut</span> <span class='ocrx_word' id='word_1_33' title='bbox 1216 681 1254 740; x_wconf 82' lang='grc' dir='ltr'>Π.</span> <span class='ocrx_word' id='word_1_34' title='bbox 1277 678 1343 753; x_wconf 78' lang='lat' dir='ltr'>Gur.</span> <span class='ocrx_word' id='word_1_35' title='bbox 1368 681 1399 754; x_wconf 85' lang='lat'>5,</span> 
     </span>
     <span class='ocr_line' id='line_1_5' title="bbox 224 775 1398 870; baseline 0.002 -25"><span class='ocrx_word' id='word_1_36' title='bbox 224 787 261 845; x_wconf 82' lang='lat' dir='ltr'>al</span> <span class='ocrx_word' id='word_1_37' title='bbox 279 785 358 844; x_wconf 91' lang='lat' dir='ltr'>Deus</span> <span class='ocrx_word' id='word_1_38' title='bbox 373 784 479 844; x_wconf 90' lang='lat' dir='ltr'>dicitur</span> <span class='ocrx_word' id='word_1_39' title='bbox 494 781 638 843; x_wconf 81' lang='lat' dir='ltr'>christum</span> <span class='ocrx_word' id='word_1_40' title='bbox 654 775 807 866; x_wconf 77' lang='grc' dir='ltr'>ἁμαρτίαν</span> <span class='ocrx_word' id='word_1_41' title='bbox 822 782 934 845; x_wconf 87' lang='lat' dir='ltr'>fecisse.</span> <span class='ocrx_word' id='word_1_42' title='bbox 948 781 972 859; x_wconf 84' lang='grc'>1)</span> <span class='ocrx_word' id='word_1_43' title='bbox 1005 783 1089 844; x_wconf 85' lang='lat' dir='ltr'>Unde</span> <span class='ocrx_word' id='word_1_44' title='bbox 1111 783 1155 857; x_wconf 83' lang='lat' dir='ltr'>fit,</span> <span class='ocrx_word' id='word_1_45' title='bbox 1178 789 1210 843; x_wconf 94' lang='lat' dir='ltr'>ut</span> <span class='ocrx_word' id='word_1_46' title='bbox 1225 778 1398 870; x_wconf 74' lang='grc' dir='ltr'>δικαιοσύνη</span> 
     </span>
     <span class='ocr_line' id='line_1_6' title="bbox 221 881 1400 969; baseline -0.003 -17"><span class='ocrx_word' id='word_1_47' title='bbox 221 887 296 953; x_wconf 61' lang='lat' dir='ltr'>beai</span> <span class='ocrx_word' id='word_1_48' title='bbox 325 882 579 969; x_wconf 79' lang='grc' dir='ltr'>ἀποκαλύπτηται</span> <span class='ocrx_word' id='word_1_49' title='bbox 600 886 683 946; x_wconf 88' lang='lat' dir='ltr'>Rom.</span> <span class='ocrx_word' id='word_1_50' title='bbox 710 888 741 960; x_wconf 92' lang='lat' dir='ltr'>l,</span> <span class='ocrx_word' id='word_1_51' title='bbox 775 886 822 959; x_wconf 95' lang='grc'>17,</span> <span class='ocrx_word' id='word_1_52' title='bbox 853 888 927 947; x_wconf 88' lang='lat' dir='ltr'>sicut</span> <span class='ocrx_word' id='word_1_53' title='bbox 958 881 1112 968; x_wconf 78' lang='grc' dir='ltr'>ἀμνηστία</span> <span class='ocrx_word' id='word_1_54' title='bbox 1140 888 1335 962; x_wconf 87' lang='lat' dir='ltr'>proclamatur</span> <span class='ocrx_word' id='word_1_55' title='bbox 1365 889 1400 950; x_wconf 88' lang='lat' dir='ltr'>iu</span> 
     </span>
     <span class='ocr_line' id='line_1_7' title="bbox 222 989 1400 1068; baseline -0.001 -16"><span class='ocrx_word' id='word_1_56' title='bbox 222 992 328 1053; x_wconf 89' lang='lat' dir='ltr'>nostris</span> <span class='ocrx_word' id='word_1_57' title='bbox 343 989 505 1052; x_wconf 86' lang='lat' dir='ltr'>civitatibus</span> <span class='ocrx_word' id='word_1_58' title='bbox 519 989 631 1064; x_wconf 77' lang='lat' dir='ltr'>legibus</span> <span class='ocrx_word' id='word_1_59' title='bbox 646 991 690 1049; x_wconf 89' lang='lat' dir='ltr'>rei</span> <span class='ocrx_word' id='word_1_60' title='bbox 711 990 842 1065; x_wconf 92' lang='lat' dir='ltr'>publicae</span> <span class='ocrx_word' id='word_1_61' title='bbox 865 1007 923 1051; x_wconf 88' lang='lat' dir='ltr'>nun</span> <span class='ocrx_word' id='word_1_62' title='bbox 945 991 1047 1051; x_wconf 84' lang='lat' dir='ltr'>salutis</span> <span class='ocrx_word' id='word_1_63' title='bbox 1071 990 1200 1068; x_wconf 89' lang='lat' dir='ltr'>quidem,</span> <span class='ocrx_word' id='word_1_64' title='bbox 1222 991 1273 1050; x_wconf 86' lang='lat' dir='ltr'>sed</span> <span class='ocrx_word' id='word_1_65' title='bbox 1294 1008 1400 1052; x_wconf 88' lang='lat' dir='ltr'>secuu-</span> 
     </span>
     <span class='ocr_line' id='line_1_8' title="bbox 223 1070 1506 1177; baseline 0.001 -21"><span class='ocrx_word' id='word_1_66' title='bbox 223 1095 290 1156; x_wconf 89' lang='lat' dir='ltr'>dum</span> <span class='ocrx_word' id='word_1_67' title='bbox 312 1096 434 1177; x_wconf 80' lang='lat' dir='ltr'>gratiam</span> <span class='ocrx_word' id='word_1_68' title='bbox 455 1093 533 1168; x_wconf 78' lang='lat' dir='ltr'>regis</span> <span class='ocrx_word' id='word_1_69' title='bbox 555 1091 708 1154; x_wconf 88' lang='lat' dir='ltr'>adhibitis:</span> <span class='ocrx_word' id='word_1_70' title='bbox 729 1109 788 1154; x_wconf 90' lang='lat' dir='ltr'>nou</span> <span class='ocrx_word' id='word_1_71' title='bbox 808 1070 1023 1169; x_wconf 72' lang='lat' dir='ltr'>prbclemautur</span> <span class='ocrx_word' id='word_1_72' title='bbox 1044 1096 1110 1154; x_wconf 86' lang='lat' dir='ltr'>novi</span> <span class='ocrx_word' id='word_1_73' title='bbox 1131 1099 1227 1153; x_wconf 87' lang='lat' dir='ltr'>mutus</span> <span class='ocrx_word' id='word_1_74' title='bbox 1249 1099 1279 1155; x_wconf 91' lang='lat' dir='ltr'>et</span> <span class='ocrx_word' id='word_1_75' title='bbox 1300 1112 1400 1155; x_wconf 90' lang='lat' dir='ltr'>mores</span> <span class='ocrx_word' id='word_1_76' title='bbox 1505 1154 1506 1157; x_wconf 74' lang='grc'><strong>,</strong></span> 
     </span>
     <span class='ocr_line' id='line_1_9' title="bbox 184 1192 1401 1280; baseline -0.002 -21"><span class='ocrx_word' id='word_1_77' title='bbox 184 1212 186 1219; x_wconf 80' lang='grc'><strong>“</strong></span> <span class='ocrx_word' id='word_1_78' title='bbox 222 1199 273 1260; x_wconf 88' lang='lat' dir='ltr'>sed</span> <span class='ocrx_word' id='word_1_79' title='bbox 296 1216 405 1259; x_wconf 89' lang='lat' dir='ltr'>summa</span> <span class='ocrx_word' id='word_1_80' title='bbox 426 1198 502 1259; x_wconf 88' lang='lat' dir='ltr'>buna</span> <span class='ocrx_word' id='word_1_81' title='bbox 523 1213 610 1274; x_wconf 89' lang='lat' dir='ltr'>quum</span> <span class='ocrx_word' id='word_1_82' title='bbox 630 1198 722 1272; x_wconf 76' lang='lat' dir='ltr'>gratis</span> <span class='ocrx_word' id='word_1_83' title='bbox 746 1192 870 1280; x_wconf 81' lang='grc' dir='ltr'>(δωρεάν</span> <span class='ocrx_word' id='word_1_84' title='bbox 892 1198 974 1259; x_wconf 84' lang='lat' dir='ltr'>Rom.</span> <span class='ocrx_word' id='word_1_85' title='bbox 991 1200 1019 1275; x_wconf 92' lang='lat'>3,</span> <span class='ocrx_word' id='word_1_86' title='bbox 1043 1199 1096 1274; x_wconf 82' lang='lat'>24)</span> <span class='ocrx_word' id='word_1_87' title='bbox 1119 1204 1178 1256; x_wconf 85' lang='lat' dir='ltr'>turn</span> <span class='ocrx_word' id='word_1_88' title='bbox 1201 1199 1266 1273; x_wconf 90' lang='lat' dir='ltr'>jure</span> <span class='ocrx_word' id='word_1_89' title='bbox 1285 1215 1305 1256; x_wconf 89' lang='lat' dir='ltr'>a</span> <span class='ocrx_word' id='word_1_90' title='bbox 1327 1216 1401 1273; x_wconf 84' lang='lat' dir='ltr'>rege</span> 
     </span>
     <span class='ocr_line' id='line_1_10' title="bbox 222 1295 1400 1387; baseline 0 -24"><span class='ocrx_word' id='word_1_91' title='bbox 222 1304 341 1387; x_wconf 88' lang='lat' dir='ltr'>coelesti</span> <span class='ocrx_word' id='word_1_92' title='bbox 375 1301 491 1364; x_wconf 88' lang='lat' dir='ltr'>donata.</span> <span class='ocrx_word' id='word_1_93' title='bbox 554 1301 649 1374; x_wconf 78' lang='lat' dir='ltr'>Quare</span> <span class='ocrx_word' id='word_1_94' title='bbox 682 1300 869 1360; x_wconf 87' lang='lat' dir='ltr'>adumbratur</span> <span class='ocrx_word' id='word_1_95' title='bbox 902 1295 938 1364; x_wconf 83' lang='grc' dir='ltr'>τὸ</span> <span class='ocrx_word' id='word_1_96' title='bbox 969 1299 1169 1383; x_wconf 61' lang='grc' dir='ltr'>δικαιωῖκῆναι</span> <span class='ocrx_word' id='word_1_97' title='bbox 1206 1301 1270 1362; x_wconf 83' lang='lat' dir='ltr'>Gal.</span> <span class='ocrx_word' id='word_1_98' title='bbox 1302 1302 1339 1375; x_wconf 91' lang='grc'>4,</span> <span class='ocrx_word' id='word_1_99' title='bbox 1378 1301 1400 1363; x_wconf 88' lang='grc'>5</span> 
     </span>
     <span class='ocr_line' id='line_1_11' title="bbox 222 1401 1400 1480; baseline -0.005 -12"><span class='ocrx_word' id='word_1_100' title='bbox 222 1407 258 1469; x_wconf 88' lang='lat' dir='ltr'>cf.</span> <span class='ocrx_word' id='word_1_101' title='bbox 295 1409 380 1471; x_wconf 82' lang='lat' dir='ltr'>Rom.</span> <span class='ocrx_word' id='word_1_102' title='bbox 412 1407 445 1478; x_wconf 88' lang='lat'>8,</span> <span class='ocrx_word' id='word_1_103' title='bbox 474 1405 609 1464; x_wconf 86' lang='grc'><strong>15-17</strong></span> <span class='ocrx_word' id='word_1_104' title='bbox 639 1421 709 1465; x_wconf 86' lang='lat' dir='ltr'>voce</span> <span class='ocrx_word' id='word_1_105' title='bbox 740 1401 906 1479; x_wconf 68' lang='grc' dir='ltr'>οίοῖιεσίαςι</span> <span class='ocrx_word' id='word_1_106' title='bbox 943 1404 994 1464; x_wconf 88' lang='lat' dir='ltr'>filii</span> <span class='ocrx_word' id='word_1_107' title='bbox 1031 1406 1087 1466; x_wconf 91' lang='lat' dir='ltr'>Dei</span> <span class='ocrx_word' id='word_1_108' title='bbox 1124 1402 1207 1479; x_wconf 81' lang='lat' dir='ltr'>quasi</span> <span class='ocrx_word' id='word_1_109' title='bbox 1241 1411 1400 1480; x_wconf 79' lang='lat' dir='ltr'>ponuntur,</span> 
     </span>
    </p>
   </div>
   <div class='ocr_carea' id='block_1_3' title="bbox 220 1507 1506 1689">
    <p class='ocr_par' dir='ltr' id='par_1_3' title="bbox 220 1507 1506 1689">
     <span class='ocr_line' id='line_1_12' title="bbox 220 1507 1506 1593; baseline -0.004 -22"><span class='ocrx_word' id='word_1_110' title='bbox 220 1514 251 1571; x_wconf 91' lang='lat' dir='ltr'>iu</span> <span class='ocrx_word' id='word_1_111' title='bbox 273 1515 380 1571; x_wconf 89' lang='lat' dir='ltr'>statum</span> <span class='ocrx_word' id='word_1_112' title='bbox 402 1514 431 1570; x_wconf 91' lang='lat' dir='ltr'>et</span> <span class='ocrx_word' id='word_1_113' title='bbox 449 1511 518 1583; x_wconf 88' lang='lat' dir='ltr'>jnra</span> <span class='ocrx_word' id='word_1_114' title='bbox 543 1507 666 1568; x_wconf 88' lang='lat' dir='ltr'>filiorum</span> <span class='ocrx_word' id='word_1_115' title='bbox 692 1525 761 1568; x_wconf 84' lang='lat' dir='ltr'>vere</span> <span class='ocrx_word' id='word_1_116' title='bbox 789 1514 1026 1584; x_wconf 86' lang='lat' dir='ltr'>transponuntur,</span> <span class='ocrx_word' id='word_1_117' title='bbox 1055 1510 1104 1584; x_wconf 93' lang='lat' dir='ltr'>qui</span> <span class='ocrx_word' id='word_1_118' title='bbox 1131 1507 1333 1584; x_wconf 85' lang='lat' dir='ltr'>justificantur,</span> <span class='ocrx_word' id='word_1_119' title='bbox 1365 1513 1402 1569; x_wconf 86' lang='lat' dir='ltr'>ut</span> <span class='ocrx_word' id='word_1_120' title='bbox 1505 1560 1506 1593; x_wconf 25' lang='grc' dir='ltr'>ρ</span> 
     </span>
     <span class='ocr_line' id='line_1_13' title="bbox 221 1611 1506 1689; baseline -0.005 -14"><span class='ocrx_word' id='word_1_121' title='bbox 221 1614 327 1675; x_wconf 90' lang='lat' dir='ltr'>deinde</span> <span class='ocrx_word' id='word_1_122' title='bbox 348 1612 401 1672; x_wconf 91' lang='lat' dir='ltr'>filii</span> <span class='ocrx_word' id='word_1_123' title='bbox 423 1613 481 1671; x_wconf 90' lang='lat' dir='ltr'>siut</span> <span class='ocrx_word' id='word_1_124' title='bbox 496 1611 559 1673; x_wconf 83' lang='lat' dir='ltr'>Gal.</span> <span class='ocrx_word' id='word_1_125' title='bbox 576 1613 605 1685; x_wconf 88' lang='lat'>3,</span> <span class='ocrx_word' id='word_1_126' title='bbox 627 1613 681 1683; x_wconf 79' lang='lat'>263</span> <span class='ocrx_word' id='word_1_127' title='bbox 704 1628 739 1672; x_wconf 89' lang='lat' dir='ltr'>ea</span> <span class='ocrx_word' id='word_1_128' title='bbox 761 1613 836 1671; x_wconf 91' lang='lat' dir='ltr'>enirn</span> <span class='ocrx_word' id='word_1_129' title='bbox 857 1628 931 1686; x_wconf 90' lang='lat' dir='ltr'>quae</span> <span class='ocrx_word' id='word_1_130' title='bbox 945 1632 972 1674; x_wconf 90' lang='lat' dir='ltr'>v.</span> <span class='ocrx_word' id='word_1_131' title='bbox 989 1614 1038 1674; x_wconf 79' lang='grc'>27.</span> <span class='ocrx_word' id='word_1_132' title='bbox 1061 1617 1219 1689; x_wconf 88' lang='lat' dir='ltr'>sequuntur</span> <span class='ocrx_word' id='word_1_133' title='bbox 1240 1612 1401 1672; x_wconf 91' lang='lat' dir='ltr'>secuudum</span> <span class='ocrx_word' id='word_1_134' title='bbox 1505 1622 1506 1629; x_wconf 53' lang='lat'>¹</span> 
     </span>
    </p>
   </div>
   <div class='ocr_carea' id='block_1_4' title="bbox 222 1706 1506 1797">
    <p class='ocr_par' dir='ltr' id='par_1_4' title="bbox 222 1706 1506 1797">
     <span class='ocr_line' id='line_1_14' title="bbox 222 1706 1506 1797; baseline -0.002 -19"><span class='ocrx_word' id='word_1_135' title='bbox 222 1720 398 1778; x_wconf 81' lang='lat' dir='ltr'>contextum&#39;</span> <span class='ocrx_word' id='word_1_136' title='bbox 414 1734 470 1775; x_wconf 91' lang='lat' dir='ltr'>non</span> <span class='ocrx_word' id='word_1_137' title='bbox 504 1714 633 1774; x_wconf 86' lang='lat' dir='ltr'>indicant</span> <span class='ocrx_word' id='word_1_138' title='bbox 664 1709 791 1797; x_wconf 84' lang='grc' dir='ltr'>νίότητα</span> <span class='ocrx_word' id='word_1_139' title='bbox 819 1714 1035 1776; x_wconf 88' lang='lat' dir='ltr'>fundamentum</span> <span class='ocrx_word' id='word_1_140' title='bbox 1062 1716 1171 1776; x_wconf 89' lang='lat' dir='ltr'>hahere</span> <span class='ocrx_word' id='word_1_141' title='bbox 1197 1717 1228 1773; x_wconf 91' lang='lat' dir='ltr'>in</span> <span class='ocrx_word' id='word_1_142' title='bbox 1254 1714 1399 1776; x_wconf 84' lang='lat' dir='ltr'>infusione</span> <span class='ocrx_word' id='word_1_143' title='bbox 1505 1706 1506 1733; x_wconf 61' lang='lat'>¹</span> 
     </span>
    </p>
   </div>
   <div class='ocr_carea' id='block_1_5' title="bbox 221 1818 1400 2210">
    <p class='ocr_par' dir='ltr' id='par_1_5' title="bbox 221 1818 1400 2210">
     <span class='ocr_line' id='line_1_15' title="bbox 221 1818 1399 1899; baseline -0.002 -19"><span class='ocrx_word' id='word_1_144' title='bbox 221 1821 336 1885; x_wconf 88' lang='lat' dir='ltr'>virtutis</span> <span class='ocrx_word' id='word_1_145' title='bbox 359 1818 508 1892; x_wconf 85' lang='lat' dir='ltr'>cujusdam</span> <span class='ocrx_word' id='word_1_146' title='bbox 528 1818 656 1895; x_wconf 87' lang='lat' dir='ltr'>divinae,</span> <span class='ocrx_word' id='word_1_147' title='bbox 680 1819 808 1892; x_wconf 89' lang='lat' dir='ltr'>quamvis</span> <span class='ocrx_word' id='word_1_148' title='bbox 831 1819 976 1899; x_wconf 71' lang='lat' dir='ltr'>videatur,</span> <span class='ocrx_word' id='word_1_149' title='bbox 998 1821 1084 1879; x_wconf 89' lang='lat' dir='ltr'>immo</span> <span class='ocrx_word' id='word_1_150' title='bbox 1108 1836 1143 1878; x_wconf 86' lang='lat' dir='ltr'>ex</span> <span class='ocrx_word' id='word_1_151' title='bbox 1164 1820 1193 1895; x_wconf 91' lang='lat'>4,</span> <span class='ocrx_word' id='word_1_152' title='bbox 1217 1819 1399 1893; x_wconf 71' lang='lat' dir='ltr'>(itidemne,</span> 
     </span>
     <span class='ocr_line' id='line_1_16' title="bbox 224 1906 1400 2004; baseline -0.003 -21"><span class='ocrx_word' id='word_1_153' title='bbox 224 1925 306 2000; x_wconf 82' lang='lat' dir='ltr'>prius</span> <span class='ocrx_word' id='word_1_154' title='bbox 328 1924 398 1999; x_wconf 91' lang='lat' dir='ltr'>(uun</span> <span class='ocrx_word' id='word_1_155' title='bbox 420 1922 496 1997; x_wconf 88' lang='lat' dir='ltr'>quod</span> <span class='ocrx_word' id='word_1_156' title='bbox 518 1921 555 1980; x_wconf 89' lang='lat' dir='ltr'>ad</span> <span class='ocrx_word' id='word_1_157' title='bbox 577 1927 702 1996; x_wconf 88' lang='lat' dir='ltr'>ternpus,</span> <span class='ocrx_word' id='word_1_158' title='bbox 732 1920 784 1981; x_wconf 90' lang='lat' dir='ltr'>sed</span> <span class='ocrx_word' id='word_1_159' title='bbox 811 1906 893 1997; x_wconf 88' lang='lat' dir='ltr'>quod</span> <span class='ocrx_word' id='word_1_160' title='bbox 908 1921 946 1982; x_wconf 89' lang='lat' dir='ltr'>ad</span> <span class='ocrx_word' id='word_1_161' title='bbox 977 1922 1107 1982; x_wconf 85' lang='lat' dir='ltr'>ordinem</span> <span class='ocrx_word' id='word_1_162' title='bbox 1133 1923 1257 1997; x_wconf 80' lang='lat' dir='ltr'>logicum</span> <span class='ocrx_word' id='word_1_163' title='bbox 1278 1920 1400 2004; x_wconf 79' lang='lat' dir='ltr'>attinet)</span> 
     </span>
     <span class='ocr_line' id='line_1_17' title="bbox 222 2023 1400 2103; baseline -0.002 -16"><span class='ocrx_word' id='word_1_164' title='bbox 222 2029 345 2103; x_wconf 77' lang='lat' dir='ltr'>aliquem</span> <span class='ocrx_word' id='word_1_165' title='bbox 368 2025 458 2085; x_wconf 91' lang='lat' dir='ltr'>filium</span> <span class='ocrx_word' id='word_1_166' title='bbox 484 2023 560 2097; x_wconf 87' lang='lat' dir='ltr'>fieri,</span> <span class='ocrx_word' id='word_1_167' title='bbox 586 2024 690 2083; x_wconf 91' lang='lat' dir='ltr'>deinde</span> <span class='ocrx_word' id='word_1_168' title='bbox 713 2023 851 2099; x_wconf 85' lang='lat' dir='ltr'>Spiritum</span> <span class='ocrx_word' id='word_1_169' title='bbox 874 2025 1011 2086; x_wconf 88' lang='lat' dir='ltr'>Sanctum</span> <span class='ocrx_word' id='word_1_170' title='bbox 1038 2027 1180 2100; x_wconf 88' lang='lat' dir='ltr'>accipere.</span> <span class='ocrx_word' id='word_1_171' title='bbox 1224 2026 1282 2086; x_wconf 84' lang='lat' dir='ltr'>Sed</span> <span class='ocrx_word' id='word_1_172' title='bbox 1308 2028 1400 2085; x_wconf 90' lang='lat' dir='ltr'>etiam</span> 
     </span>
     <span class='ocr_line' id='line_1_18' title="bbox 221 2123 1398 2210; baseline -0.001 -20"><span class='ocrx_word' id='word_1_173' title='bbox 221 2131 278 2190; x_wconf 85' lang='lat' dir='ltr'>alin</span> <span class='ocrx_word' id='word_1_174' title='bbox 301 2130 386 2190; x_wconf 89' lang='lat' dir='ltr'>modo</span> <span class='ocrx_word' id='word_1_175' title='bbox 408 2123 443 2192; x_wconf 82' lang='grc' dir='ltr'>τὸ</span> <span class='ocrx_word' id='word_1_176' title='bbox 459 2126 660 2210; x_wconf 65' lang='lat' dir='ltr'>emereretur</span> <span class='ocrx_word' id='word_1_177' title='bbox 682 2129 934 2190; x_wconf 80' lang='lat' dir='ltr'>circumscribitur.</span> <span class='ocrx_word' id='word_1_178' title='bbox 975 2129 1039 2190; x_wconf 87' lang='lat' dir='ltr'>Gal.</span> <span class='ocrx_word' id='word_1_179' title='bbox 1059 2130 1087 2203; x_wconf 87' lang='lat'>3,</span> <span class='ocrx_word' id='word_1_180' title='bbox 1112 2130 1150 2188; x_wconf 88' lang='lat'>13</span> <span class='ocrx_word' id='word_1_181' title='bbox 1173 2130 1249 2189; x_wconf 91' lang='lat' dir='ltr'>enim</span> <span class='ocrx_word' id='word_1_182' title='bbox 1275 2129 1398 2204; x_wconf 79' lang='lat' dir='ltr'>legitur:</span> 
     </span>
    </p>
   </div>
   <div class='ocr_carea' id='block_1_6' title="bbox 220 2226 1506 2318">
    <p class='ocr_par' dir='ltr' id='par_1_6' title="bbox 220 2226 1506 2318">
     <span class='ocr_line' id='line_1_19' title="bbox 220 2226 1506 2318; baseline -0.005 -20"><span class='ocrx_word' id='word_1_183' title='bbox 220 2228 304 2316; x_wconf 73' lang='grc' dir='ltr'>ἡμᾶς</span> <span class='ocrx_word' id='word_1_184' title='bbox 318 2226 500 2316; x_wconf 68' lang='grc' dir='ltr'>ἐξηγόρασεν</span> <span class='ocrx_word' id='word_1_185' title='bbox 515 2230 551 2294; x_wconf 82' lang='grc' dir='ltr'>ἐκ</span> <span class='ocrx_word' id='word_1_186' title='bbox 565 2232 621 2313; x_wconf 75' lang='grc' dir='ltr'>τῆς</span> <span class='ocrx_word' id='word_1_187' title='bbox 635 2226 790 2314; x_wconf 83' lang='grc' dir='ltr'>κατόρας;</span> <span class='ocrx_word' id='word_1_188' title='bbox 812 2232 914 2292; x_wconf 91' lang='lat' dir='ltr'>eodem</span> <span class='ocrx_word' id='word_1_189' title='bbox 935 2234 1029 2306; x_wconf 90' lang='lat' dir='ltr'>capite</span> <span class='ocrx_word' id='word_1_190' title='bbox 1046 2232 1081 2291; x_wconf 90' lang='lat' dir='ltr'>de</span> <span class='ocrx_word' id='word_1_191' title='bbox 1097 2232 1265 2307; x_wconf 89' lang='lat' dir='ltr'>accipienda</span> <span class='ocrx_word' id='word_1_192' title='bbox 1279 2228 1399 2318; x_wconf 78' lang='grc' dir='ltr'>εὐλογίᾳ</span> <span class='ocrx_word' id='word_1_193' title='bbox 1505 2294 1506 2311; x_wconf 69' lang='lat'>,</span> 
     </span>
    </p>
   </div>
   <div class='ocr_carea' id='block_1_7' title="bbox 178 2316 1506 2730">
    <p class='ocr_par' dir='ltr' id='par_1_7' title="bbox 178 2316 1506 2531">
     <span class='ocr_line' id='line_1_20' title="bbox 222 2316 1506 2419; baseline -0.002 -22"><span class='ocrx_word' id='word_1_194' title='bbox 222 2344 252 2397; x_wconf 87' lang='lat' dir='ltr'>et</span> <span class='ocrx_word' id='word_1_195' title='bbox 274 2333 440 2419; x_wconf 78' lang='grc' dir='ltr'>ἐπαγγελίᾳ</span> <span class='ocrx_word' id='word_1_196' title='bbox 459 2337 550 2395; x_wconf 89' lang='lat' dir='ltr'>multa</span> <span class='ocrx_word' id='word_1_197' title='bbox 569 2334 718 2413; x_wconf 64' lang='lat' dir='ltr'>dicuntum</span> <span class='ocrx_word' id='word_1_198' title='bbox 745 2336 814 2395; x_wconf 89' lang='lat' dir='ltr'>item</span> <span class='ocrx_word' id='word_1_199' title='bbox 836 2332 1019 2418; x_wconf 79' lang='grc' dir='ltr'>κληρονομία</span> <span class='ocrx_word' id='word_1_200' title='bbox 1040 2336 1195 2415; x_wconf 81' lang='lat' dir='ltr'>adhibetur</span> <span class='ocrx_word' id='word_1_201' title='bbox 1218 2339 1245 2408; x_wconf 89' lang='lat'>3,</span> <span class='ocrx_word' id='word_1_202' title='bbox 1271 2338 1317 2395; x_wconf 87' lang='lat'>18.</span> <span class='ocrx_word' id='word_1_203' title='bbox 1341 2338 1397 2409; x_wconf 75' lang='lat'>293</span> <span class='ocrx_word' id='word_1_204' title='bbox 1505 2316 1506 2369; x_wconf 60' lang='grc'>1</span> 
     </span>
     <span class='ocr_line' id='line_1_21' title="bbox 178 2433 1424 2531; baseline 0.002 -31"><span class='ocrx_word' id='word_1_205' title='bbox 178 2516 180 2531; x_wconf 82' lang='lat'><em>.</em></span> <span class='ocrx_word' id='word_1_206' title='bbox 222 2442 250 2516; x_wconf 89' lang='grc'>4,</span> <span class='ocrx_word' id='word_1_207' title='bbox 274 2441 307 2513; x_wconf 89' lang='grc'>7;</span> <span class='ocrx_word' id='word_1_208' title='bbox 333 2441 417 2500; x_wconf 88' lang='lat' dir='ltr'>Rom.</span> <span class='ocrx_word' id='word_1_209' title='bbox 436 2441 465 2514; x_wconf 88' lang='lat'>8,</span> <span class='ocrx_word' id='word_1_210' title='bbox 488 2439 526 2501; x_wconf 92' lang='grc'>17</span> <span class='ocrx_word' id='word_1_211' title='bbox 548 2443 578 2498; x_wconf 86' lang='lat' dir='ltr'>et</span> <span class='ocrx_word' id='word_1_212' title='bbox 600 2440 678 2499; x_wconf 89' lang='lat' dir='ltr'>Deus</span> <span class='ocrx_word' id='word_1_213' title='bbox 703 2437 806 2498; x_wconf 88' lang='lat' dir='ltr'>dicitur</span> <span class='ocrx_word' id='word_1_214' title='bbox 826 2433 869 2522; x_wconf 84' lang='grc' dir='ltr'>μὴ</span> <span class='ocrx_word' id='word_1_215' title='bbox 894 2433 1079 2520; x_wconf 80' lang='grc' dir='ltr'>λογιζόμενος</span> <span class='ocrx_word' id='word_1_216' title='bbox 1097 2434 1139 2502; x_wconf 84' lang='grc' dir='ltr'>τὰ</span> <span class='ocrx_word' id='word_1_217' title='bbox 1158 2436 1424 2522; x_wconf 68' lang='grc' dir='ltr'>παραπτώματα</span> 
     </span>
    </p>

    <p class='ocr_par' dir='ltr' id='par_1_8' title="bbox 218 2539 1396 2730">
     <span class='ocr_line' id='line_1_22' title="bbox 220 2539 1395 2627; baseline -0.002 -22"><span class='ocrx_word' id='word_1_218' title='bbox 220 2544 260 2608; x_wconf 90' lang='grc'>11.</span> <span class='ocrx_word' id='word_1_219' title='bbox 283 2543 348 2603; x_wconf 84' lang='lat' dir='ltr'>Car.</span> <span class='ocrx_word' id='word_1_220' title='bbox 371 2543 401 2614; x_wconf 88' lang='lat'>5,</span> <span class='ocrx_word' id='word_1_221' title='bbox 425 2543 473 2604; x_wconf 86' lang='lat'>19.</span> <span class='ocrx_word' id='word_1_222' title='bbox 486 2539 512 2619; x_wconf 71' lang='lat'>²)</span> <span class='ocrx_word' id='word_1_223' title='bbox 555 2543 621 2602; x_wconf 85' lang='lat' dir='ltr'>Nun</span> <span class='ocrx_word' id='word_1_224' title='bbox 647 2542 755 2617; x_wconf 87' lang='lat' dir='ltr'>obstat,</span> <span class='ocrx_word' id='word_1_225' title='bbox 785 2542 861 2617; x_wconf 90' lang='lat' dir='ltr'>quod</span> <span class='ocrx_word' id='word_1_226' title='bbox 888 2544 910 2601; x_wconf 93' lang='lat' dir='ltr'>I.</span> <span class='ocrx_word' id='word_1_227' title='bbox 934 2543 998 2603; x_wconf 78' lang='lat' dir='ltr'>(lor.</span> <span class='ocrx_word' id='word_1_228' title='bbox 1024 2544 1050 2620; x_wconf 94' lang='grc'>1,</span> <span class='ocrx_word' id='word_1_229' title='bbox 1073 2545 1114 2603; x_wconf 88' lang='lat'>30</span> <span class='ocrx_word' id='word_1_230' title='bbox 1136 2539 1308 2627; x_wconf 77' lang='grc' dir='ltr'>δικαιοσύνη</span> <span class='ocrx_word' id='word_1_231' title='bbox 1331 2561 1395 2604; x_wconf 90' lang='lat' dir='ltr'>ccu-</span> 
     </span>
     <span class='ocr_line' id='line_1_23' title="bbox 218 2639 1396 2730; baseline -0.002 -22"><span class='ocrx_word' id='word_1_232' title='bbox 218 2645 350 2721; x_wconf 83' lang='lat' dir='ltr'>jungitnr</span> <span class='ocrx_word' id='word_1_233' title='bbox 365 2663 431 2707; x_wconf 90' lang='lat' dir='ltr'>cum</span> <span class='ocrx_word' id='word_1_234' title='bbox 446 2642 537 2730; x_wconf 81' lang='grc' dir='ltr'>σορίρι</span> <span class='ocrx_word' id='word_1_235' title='bbox 561 2651 590 2705; x_wconf 89' lang='lat' dir='ltr'>et</span> <span class='ocrx_word' id='word_1_236' title='bbox 613 2639 754 2729; x_wconf 82' lang='grc' dir='ltr'>ἁγιασμῷ</span> <span class='ocrx_word' id='word_1_237' title='bbox 775 2650 804 2703; x_wconf 89' lang='lat' dir='ltr'>et</span> <span class='ocrx_word' id='word_1_238' title='bbox 826 2640 1042 2729; x_wconf 78' lang='grc' dir='ltr'>ἀπολυτρώσει;</span> <span class='ocrx_word' id='word_1_239' title='bbox 1064 2647 1196 2707; x_wconf 88' lang='lat' dir='ltr'>diversae</span> <span class='ocrx_word' id='word_1_240' title='bbox 1210 2648 1251 2706; x_wconf 91' lang='lat' dir='ltr'>ibi</span> <span class='ocrx_word' id='word_1_241' title='bbox 1265 2649 1396 2706; x_wconf 90' lang='lat' dir='ltr'>notiones</span> 
     </span>
    </p>
   </div>
   <div class='ocr_carea' id='block_1_8' title="bbox 222 2742 1506 2935">
    <p class='ocr_par' dir='ltr' id='par_1_9' title="bbox 222 2742 1506 2935">
     <span class='ocr_line' id='line_1_24' title="bbox 222 2742 1506 2828; baseline -0.001 -18"><span class='ocrx_word' id='word_1_242' title='bbox 222 2749 354 2810; x_wconf 86' lang='lat' dir='ltr'>consulto</span> <span class='ocrx_word' id='word_1_243' title='bbox 373 2749 491 2827; x_wconf 85' lang='lat' dir='ltr'>junctae</span> <span class='ocrx_word' id='word_1_244' title='bbox 513 2754 596 2828; x_wconf 83' lang='lat' dir='ltr'>suut;</span> <span class='ocrx_word' id='word_1_245' title='bbox 618 2767 676 2809; x_wconf 89' lang='lat' dir='ltr'>non</span> <span class='ocrx_word' id='word_1_246' title='bbox 697 2749 805 2823; x_wconf 86' lang='lat' dir='ltr'>obstat,</span> <span class='ocrx_word' id='word_1_247' title='bbox 829 2742 958 2823; x_wconf 71' lang='lat' dir='ltr'>quod&#39;Il.</span> <span class='ocrx_word' id='word_1_248' title='bbox 975 2750 1041 2811; x_wconf 75' lang='lat' dir='ltr'>(lor.</span> <span class='ocrx_word' id='word_1_249' title='bbox 1058 2753 1086 2825; x_wconf 85' lang='lat'>9,</span> <span class='ocrx_word' id='word_1_250' title='bbox 1109 2753 1180 2813; x_wconf 84' lang='lat' dir='ltr'>9ss.</span> <span class='ocrx_word' id='word_1_251' title='bbox 1196 2751 1260 2810; x_wconf 88' lang='lat' dir='ltr'>loco</span> <span class='ocrx_word' id='word_1_252' title='bbox 1282 2750 1396 2810; x_wconf 87' lang='lat' dir='ltr'>Veteris</span> <span class='ocrx_word' id='word_1_253' title='bbox 1505 2800 1506 2819; x_wconf 76' lang='lat'>,</span> 
     </span>
     <span class='ocr_line' id='line_1_25' title="bbox 222 2844 1398 2935; baseline -0.001 -22"><span class='ocrx_word' id='word_1_254' title='bbox 222 2853 400 2913; x_wconf 73' lang='lat' dir='ltr'>Testamenti</span> <span class='ocrx_word' id='word_1_255' title='bbox 420 2852 510 2912; x_wconf 88' lang='lat' dir='ltr'>allato</span> <span class='ocrx_word' id='word_1_256' title='bbox 531 2852 626 2911; x_wconf 87' lang='lat' dir='ltr'>ethico</span> <span class='ocrx_word' id='word_1_257' title='bbox 647 2869 734 2911; x_wconf 91' lang='lat' dir='ltr'>sensu</span> <span class='ocrx_word' id='word_1_258' title='bbox 749 2844 914 2912; x_wconf 83' lang='lat' dir='ltr'>adhibetur:</span> <span class='ocrx_word' id='word_1_259' title='bbox 930 2870 988 2913; x_wconf 89' lang='lat' dir='ltr'>non</span> <span class='ocrx_word' id='word_1_260' title='bbox 1003 2871 1079 2927; x_wconf 81' lang='lat' dir='ltr'>nego</span> <span class='ocrx_word' id='word_1_261' title='bbox 1095 2871 1195 2914; x_wconf 87' lang='lat' dir='ltr'>vocem</span> <span class='ocrx_word' id='word_1_262' title='bbox 1211 2847 1398 2935; x_wconf 77' lang='grc' dir='ltr'>δικαιοσύνης</span> 
     </span>
    </p>
   </div>
   <div class='ocr_carea' id='block_1_9' title="bbox 221 2955 1396 3033">
    <p class='ocr_par' dir='ltr' id='par_1_10' title="bbox 221 2955 1396 3033">
     <span class='ocr_line' id='line_1_26' title="bbox 221 2955 1396 3033; baseline 0.003 -19"><span class='ocrx_word' id='word_1_263' title='bbox 221 2956 358 3015; x_wconf 83' lang='lat' dir='ltr'>virtutem</span> <span class='ocrx_word' id='word_1_264' title='bbox 374 2956 420 3016; x_wconf 85' lang='lat' dir='ltr'>vel</span> <span class='ocrx_word' id='word_1_265' title='bbox 438 2956 608 3030; x_wconf 88' lang='lat' dir='ltr'>qualitatem</span> <span class='ocrx_word' id='word_1_266' title='bbox 624 2956 748 3015; x_wconf 85' lang='lat' dir='ltr'>ethicam</span> <span class='ocrx_word' id='word_1_267' title='bbox 766 2955 926 3029; x_wconf 82' lang='lat' dir='ltr'>siguificare</span> <span class='ocrx_word' id='word_1_268' title='bbox 942 2974 1038 3032; x_wconf 85' lang='lat' dir='ltr'>posse,</span> <span class='ocrx_word' id='word_1_269' title='bbox 1057 2956 1093 3016; x_wconf 86' lang='lat' dir='ltr'>cf.</span> <span class='ocrx_word' id='word_1_270' title='bbox 1109 2959 1197 3016; x_wconf 89' lang='lat' dir='ltr'>etiam</span> <span class='ocrx_word' id='word_1_271' title='bbox 1209 2957 1290 3019; x_wconf 87' lang='lat' dir='ltr'>Ram.</span> <span class='ocrx_word' id='word_1_272' title='bbox 1304 2959 1332 3033; x_wconf 90' lang='lat'>3,</span> <span class='ocrx_word' id='word_1_273' title='bbox 1345 2958 1396 3020; x_wconf 77' lang='lat'>25.</span> 
     </span>
    </p>
   </div>
   <div class='ocr_carea' id='block_1_10' title="bbox 141 3055 1506 3448">
    <p class='ocr_par' dir='ltr' id='par_1_11' title="bbox 141 3055 1506 3448">
     <span class='ocr_line' id='line_1_27' title="bbox 141 3055 1506 3143; baseline -0.001 -25"><span class='ocrx_word' id='word_1_274' title='bbox 141 3096 143 3100; x_wconf 92' lang='lat'><em>-</em></span> <span class='ocrx_word' id='word_1_275' title='bbox 223 3060 279 3130; x_wconf 78' lang='lat'>263</span> <span class='ocrx_word' id='word_1_276' title='bbox 297 3059 334 3122; x_wconf 90' lang='lat'>11.</span> <span class='ocrx_word' id='word_1_277' title='bbox 343 3058 409 3118; x_wconf 84' lang='lat' dir='ltr'>Cur.</span> <span class='ocrx_word' id='word_1_278' title='bbox 422 3062 450 3134; x_wconf 92' lang='lat'>6,</span> <span class='ocrx_word' id='word_1_279' title='bbox 467 3059 563 3130; x_wconf 86' lang='grc'><strong>7.14;</strong></span> <span class='ocrx_word' id='word_1_280' title='bbox 581 3062 610 3134; x_wconf 91' lang='grc'>9,</span> <span class='ocrx_word' id='word_1_281' title='bbox 628 3062 681 3141; x_wconf 80' lang='grc'>10;</span> <span class='ocrx_word' id='word_1_282' title='bbox 699 3058 750 3118; x_wconf 91' lang='lat' dir='ltr'>sed</span> <span class='ocrx_word' id='word_1_283' title='bbox 765 3058 814 3117; x_wconf 91' lang='lat' dir='ltr'>ubi</span> <span class='ocrx_word' id='word_1_284' title='bbox 830 3060 865 3118; x_wconf 92' lang='lat' dir='ltr'>de</span> <span class='ocrx_word' id='word_1_285' title='bbox 881 3055 1055 3143; x_wconf 87' lang='grc' dir='ltr'>δικαιοσύνη</span> <span class='ocrx_word' id='word_1_286' title='bbox 1069 3060 1144 3124; x_wconf 55' lang='grc' dir='ltr'>δασύ</span> <span class='ocrx_word' id='word_1_287' title='bbox 1160 3061 1326 3135; x_wconf 88' lang='lat' dir='ltr'>disseratur,</span> <span class='ocrx_word' id='word_1_288' title='bbox 1346 3063 1397 3120; x_wconf 89' lang='lat' dir='ltr'>illo</span> <span class='ocrx_word' id='word_1_289' title='bbox 1505 3078 1506 3117; x_wconf 82' lang='grc' dir='ltr'>ι</span> 
     </span>
     <span class='ocr_line' id='line_1_28' title="bbox 222 3162 1506 3238; baseline -0.001 -15"><span class='ocrx_word' id='word_1_290' title='bbox 222 3179 307 3223; x_wconf 90' lang='lat' dir='ltr'>seusu</span> <span class='ocrx_word' id='word_1_291' title='bbox 329 3179 393 3223; x_wconf 89' lang='lat' dir='ltr'>earu</span> <span class='ocrx_word' id='word_1_292' title='bbox 413 3162 547 3222; x_wconf 84' lang='lat' dir='ltr'>adhiberi</span> <span class='ocrx_word' id='word_1_293' title='bbox 569 3181 653 3238; x_wconf 80' lang='lat' dir='ltr'>nego.</span> <span class='ocrx_word' id='word_1_294' title='bbox 698 3163 829 3238; x_wconf 91' lang='lat' dir='ltr'>Denique</span> <span class='ocrx_word' id='word_1_295' title='bbox 852 3163 1037 3223; x_wconf 85' lang='lat' dir='ltr'>conferantur</span> <span class='ocrx_word' id='word_1_296' title='bbox 1063 3166 1111 3238; x_wconf 94' lang='lat' dir='ltr'>qui</span> <span class='ocrx_word' id='word_1_297' title='bbox 1140 3167 1241 3222; x_wconf 88' lang='lat' dir='ltr'>summi</span> <span class='ocrx_word' id='word_1_298' title='bbox 1262 3165 1397 3238; x_wconf 85' lang='lat' dir='ltr'>ponderis</span> <span class='ocrx_word' id='word_1_299' title='bbox 1504 3218 1506 3229; x_wconf 51' lang='lat'>,</span> 
     </span>
     <span class='ocr_line' id='line_1_29' title="bbox 203 3263 1506 3349; baseline -0.003 -19"><span class='ocrx_word' id='word_1_300' title='bbox 203 3271 290 3332; x_wconf 68' lang='lat' dir='ltr'>,sunt</span> <span class='ocrx_word' id='word_1_301' title='bbox 311 3266 369 3326; x_wconf 90' lang='lat' dir='ltr'>loci</span> <span class='ocrx_word' id='word_1_302' title='bbox 390 3266 491 3342; x_wconf 90' lang='lat' dir='ltr'>quibus</span> <span class='ocrx_word' id='word_1_303' title='bbox 513 3267 681 3327; x_wconf 84' lang='lat' dir='ltr'>vocabulum</span> <span class='ocrx_word' id='word_1_304' title='bbox 700 3263 874 3347; x_wconf 69' lang='grc' dir='ltr'>λογίζοσῖναι</span> <span class='ocrx_word' id='word_1_305' title='bbox 888 3264 914 3342; x_wconf 77' lang='lat'>3)</span> <span class='ocrx_word' id='word_1_306' title='bbox 929 3266 1042 3340; x_wconf 76' lang='lat' dir='ltr'>legitur.</span> <span class='ocrx_word' id='word_1_307' title='bbox 1076 3267 1107 3326; x_wconf 84' lang='lat' dir='ltr'>Si</span> <span class='ocrx_word' id='word_1_308' title='bbox 1122 3263 1292 3349; x_wconf 89' lang='grc' dir='ltr'>δικαιοσύνη</span> <span class='ocrx_word' id='word_1_309' title='bbox 1307 3269 1397 3326; x_wconf 85' lang='lat' dir='ltr'>virtus</span> <span class='ocrx_word' id='word_1_310' title='bbox 1505 3264 1506 3323; x_wconf 88' lang='grc'>1</span> 
     </span>
     <span class='ocr_line' id='line_1_30' title="bbox 222 3358 1506 3448; baseline 0 -20"><span class='ocrx_word' id='word_1_311' title='bbox 222 3374 308 3443; x_wconf 89' lang='lat' dir='ltr'>esset,</span> <span class='ocrx_word' id='word_1_312' title='bbox 328 3372 404 3429; x_wconf 88' lang='lat' dir='ltr'>male</span> <span class='ocrx_word' id='word_1_313' title='bbox 426 3371 571 3446; x_wconf 86' lang='lat' dir='ltr'>apostolus</span> <span class='ocrx_word' id='word_1_314' title='bbox 593 3371 705 3430; x_wconf 89' lang='lat' dir='ltr'>locutus</span> <span class='ocrx_word' id='word_1_315' title='bbox 727 3375 811 3430; x_wconf 85' lang='lat' dir='ltr'>esset.</span> <span class='ocrx_word' id='word_1_316' title='bbox 849 3371 946 3429; x_wconf 88' lang='lat' dir='ltr'>Primo</span> <span class='ocrx_word' id='word_1_317' title='bbox 970 3372 1046 3430; x_wconf 89' lang='lat' dir='ltr'>enirn</span> <span class='ocrx_word' id='word_1_318' title='bbox 1062 3371 1133 3430; x_wconf 89' lang='lat' dir='ltr'>dicit</span> <span class='ocrx_word' id='word_1_319' title='bbox 1147 3373 1252 3431; x_wconf 88' lang='lat' dir='ltr'>Paulus</span> <span class='ocrx_word' id='word_1_320' title='bbox 1268 3372 1350 3431; x_wconf 84' lang='lat' dir='ltr'>Rom.</span> <span class='ocrx_word' id='word_1_321' title='bbox 1366 3373 1396 3448; x_wconf 89' lang='lat'>4,</span> <span class='ocrx_word' id='word_1_322' title='bbox 1505 3358 1506 3443; x_wconf 91' lang='grc'>1</span> 
     </span>
    </p>
   </div>
   <div class='ocr_carea' id='block_1_11' title="bbox 222 3467 1397 3557">
    <p class='ocr_par' dir='ltr' id='par_1_12' title="bbox 222 3450 1506 3557">
     <span class='ocr_line' id='line_1_31' title="bbox 222 3467 1397 3557; baseline 0.002 -26"><span class='ocrx_word' id='word_1_323' title='bbox 222 3473 251 3533; x_wconf 82' lang='grc'>3.</span> <span class='ocrx_word' id='word_1_324' title='bbox 275 3473 325 3535; x_wconf 77' lang='grc'>22.</span> <span class='ocrx_word' id='word_1_325' title='bbox 348 3472 419 3535; x_wconf 82' lang='grc'>5.9</span> <span class='ocrx_word' id='word_1_326' title='bbox 450 3470 625 3556; x_wconf 63' lang='grc' dir='ltr'>λογίζοσὶναι</span> <span class='ocrx_word' id='word_1_327' title='bbox 649 3467 704 3557; x_wconf 78' lang='grc' dir='ltr'>την</span> <span class='ocrx_word' id='word_1_328' title='bbox 730 3469 828 3535; x_wconf 86' lang='grc' dir='ltr'>πίστιν</span> <span class='ocrx_word' id='word_1_329' title='bbox 855 3470 898 3548; x_wconf 76' lang='grc' dir='ltr'>τίς</span> <span class='ocrx_word' id='word_1_330' title='bbox 927 3469 1121 3556; x_wconf 89' lang='grc' dir='ltr'>δικαιοσύνην.</span> <span class='ocrx_word' id='word_1_331' title='bbox 1168 3475 1198 3534; x_wconf 88' lang='lat' dir='ltr'>Si</span> <span class='ocrx_word' id='word_1_332' title='bbox 1227 3469 1397 3557; x_wconf 90' lang='grc' dir='ltr'>δικαιοσύνη</span> 
     </span>
    </p>
   </div>
   <div class='ocr_carea' id='block_1_12' title="bbox 222 3613 426 3627">
    <p class='ocr_par' dir='ltr' id='par_1_13' title="bbox 222 3613 426 3627">
     <span class='ocr_line' id='line_1_32' title="bbox 222 3613 426 3627; baseline -0.005 -2"><span class='ocrx_word' id='word_1_333' title='bbox 222 3613 426 3627; x_wconf 57' lang='lat' dir='ltr'>m</span> 
     </span>
    </p>
   </div>
   <div class='ocr_carea' id='block_1_13' title="bbox 310 3691 1506 3765">
    <p class='ocr_par' dir='ltr' id='par_1_14' title="bbox 310 3691 1506 3765">
     <span class='ocr_line' id='line_1_33' title="bbox 310 3691 1506 3765; baseline -0.003 -14"><span class='ocrx_word' id='word_1_334' title='bbox 310 3694 329 3764; x_wconf 89' lang='lat'>¹)</span> <span class='ocrx_word' id='word_1_335' title='bbox 352 3694 393 3751; x_wconf 81' lang='lat' dir='ltr'>cl.</span> <span class='ocrx_word' id='word_1_336' title='bbox 412 3694 494 3750; x_wconf 87' lang='lat' dir='ltr'>etiam</span> <span class='ocrx_word' id='word_1_337' title='bbox 517 3694 572 3748; x_wconf 87' lang='lat' dir='ltr'>alia</span> <span class='ocrx_word' id='word_1_338' title='bbox 588 3695 672 3749; x_wconf 85' lang='lat' dir='ltr'>rerba</span> <span class='ocrx_word' id='word_1_339' title='bbox 690 3692 837 3765; x_wconf 78' lang='grc' dir='ltr'>δικαιοσύνῃ</span> <span class='ocrx_word' id='word_1_340' title='bbox 858 3694 996 3764; x_wconf 87' lang='lat' dir='ltr'>opposita,</span> <span class='ocrx_word' id='word_1_341' title='bbox 1020 3694 1094 3748; x_wconf 89' lang='lat' dir='ltr'>velut</span> <span class='ocrx_word' id='word_1_342' title='bbox 1116 3691 1178 3763; x_wconf 80' lang='grc' dir='ltr'>ὀργὴ</span> <span class='ocrx_word' id='word_1_343' title='bbox 1200 3697 1259 3750; x_wconf 60' lang='grc' dir='ltr'>θεοῦ</span> <span class='ocrx_word' id='word_1_344' title='bbox 1277 3694 1353 3749; x_wconf 84' lang='lat' dir='ltr'>Rani.</span> <span class='ocrx_word' id='word_1_345' title='bbox 1373 3695 1397 3763; x_wconf 95' lang='grc'>1,</span> <span class='ocrx_word' id='word_1_346' title='bbox 1505 3700 1506 3717; x_wconf 68' lang='grc'>’</span> 
     </span>
    </p>
   </div>
   <div class='ocr_carea' id='block_1_14' title="bbox 223 3775 1398 3853">
    <p class='ocr_par' dir='ltr' id='par_1_15' title="bbox 223 3775 1398 3853">
     <span class='ocr_line' id='line_1_34' title="bbox 223 3775 1398 3853; baseline -0.003 -15"><span class='ocrx_word' id='word_1_347' title='bbox 223 3784 257 3839; x_wconf 86' lang='grc'>18</span> <span class='ocrx_word' id='word_1_348' title='bbox 273 3798 337 3853; x_wconf 83' lang='lat' dir='ltr'>opp.</span> <span class='ocrx_word' id='word_1_349' title='bbox 356 3782 397 3850; x_wconf 79' lang='lat'>17,</span> <span class='ocrx_word' id='word_1_350' title='bbox 415 3782 495 3851; x_wconf 58' lang='grc' dir='ltr'>ἔχθρα</span> <span class='ocrx_word' id='word_1_351' title='bbox 511 3784 571 3836; x_wconf 71' lang='lat' dir='ltr'>beuti</span> <span class='ocrx_word' id='word_1_352' title='bbox 588 3781 664 3835; x_wconf 86' lang='lat' dir='ltr'>Rom.</span> <span class='ocrx_word' id='word_1_353' title='bbox 682 3780 758 3850; x_wconf 76' lang='lat'>5,&#39;10</span> <span class='ocrx_word' id='word_1_354' title='bbox 776 3779 808 3834; x_wconf 86' lang='lat' dir='ltr'>cf.</span> <span class='ocrx_word' id='word_1_355' title='bbox 831 3780 861 3848; x_wconf 89' lang='lat'>8,</span> <span class='ocrx_word' id='word_1_356' title='bbox 879 3780 908 3849; x_wconf 80' lang='lat'>73</span> <span class='ocrx_word' id='word_1_357' title='bbox 926 3776 1085 3848; x_wconf 74' lang='grc' dir='ltr'>ὑστεροῦνται</span> <span class='ocrx_word' id='word_1_358' title='bbox 1108 3783 1154 3842; x_wconf 64' lang='grc' dir='ltr'>τός</span> <span class='ocrx_word' id='word_1_359' title='bbox 1178 3780 1254 3848; x_wconf 81' lang='grc' dir='ltr'>δόξης</span> <span class='ocrx_word' id='word_1_360' title='bbox 1275 3784 1319 3835; x_wconf 84' lang='grc' dir='ltr'>τοῦ</span> <span class='ocrx_word' id='word_1_361' title='bbox 1335 3775 1398 3836; x_wconf 63' lang='lat' dir='ltr'>Secti</span> 
     </span>
    </p>
   </div>
   <div class='ocr_carea' id='block_1_15' title="bbox 221 3865 1506 4199">
    <p class='ocr_par' dir='ltr' id='par_1_16' title="bbox 221 3865 1506 4199">
     <span class='ocr_line' id='line_1_35' title="bbox 221 3865 1506 3938; baseline -0.006 -13"><span class='ocrx_word' id='word_1_362' title='bbox 221 3871 299 3926; x_wconf 87' lang='lat' dir='ltr'>Rutu.</span> <span class='ocrx_word' id='word_1_363' title='bbox 310 3869 336 3938; x_wconf 88' lang='lat'>3,</span> <span class='ocrx_word' id='word_1_364' title='bbox 349 3869 389 3924; x_wconf 87' lang='grc'>23.</span> <span class='ocrx_word' id='word_1_365' title='bbox 399 3897 433 3909; x_wconf 92' lang='grc'><strong>-</strong></span> <span class='ocrx_word' id='word_1_366' title='bbox 450 3866 616 3934; x_wconf 70' lang='lat' dir='ltr'>²)Addenda</span> <span class='ocrx_word' id='word_1_367' title='bbox 628 3867 710 3922; x_wconf 86' lang='lat' dir='ltr'>etiam</span> <span class='ocrx_word' id='word_1_368' title='bbox 722 3872 785 3922; x_wconf 86' lang='lat' dir='ltr'>sunt</span> <span class='ocrx_word' id='word_1_369' title='bbox 803 3882 873 3936; x_wconf 91' lang='lat' dir='ltr'>quae</span> <span class='ocrx_word' id='word_1_370' title='bbox 885 3865 919 3921; x_wconf 91' lang='lat' dir='ltr'>de</span> <span class='ocrx_word' id='word_1_371' title='bbox 930 3882 997 3935; x_wconf 89' lang='lat' dir='ltr'>pace</span> <span class='ocrx_word' id='word_1_372' title='bbox 1011 3865 1078 3921; x_wconf 88' lang='lat' dir='ltr'>dicit</span> <span class='ocrx_word' id='word_1_373' title='bbox 1088 3870 1115 3922; x_wconf 86' lang='lat' dir='ltr'>et</span> <span class='ocrx_word' id='word_1_374' title='bbox 1127 3867 1161 3921; x_wconf 91' lang='lat' dir='ltr'>de</span> <span class='ocrx_word' id='word_1_375' title='bbox 1173 3867 1249 3921; x_wconf 88' lang='lat' dir='ltr'>aditu</span> <span class='ocrx_word' id='word_1_376' title='bbox 1260 3867 1305 3934; x_wconf 92' lang='lat' dir='ltr'>qui</span> <span class='ocrx_word' id='word_1_377' title='bbox 1316 3867 1397 3923; x_wconf 87' lang='lat' dir='ltr'>nubis</span> <span class='ocrx_word' id='word_1_378' title='bbox 1505 3870 1506 3917; x_wconf 66' lang='lat' dir='ltr'>l</span> 
     </span>
     <span class='ocr_line' id='line_1_36' title="bbox 222 3952 1506 4031; baseline -0.003 -21"><span class='ocrx_word' id='word_1_379' title='bbox 222 3957 258 4011; x_wconf 81' lang='lat' dir='ltr'>sit</span> <span class='ocrx_word' id='word_1_380' title='bbox 275 3955 311 4010; x_wconf 75' lang='lat' dir='ltr'>ad</span> <span class='ocrx_word' id='word_1_381' title='bbox 327 3956 415 4012; x_wconf 85' lang='lat' dir='ltr'>Deum</span> <span class='ocrx_word' id='word_1_382' title='bbox 433 3955 510 4016; x_wconf 81' lang='lat' dir='ltr'>Rom.</span> <span class='ocrx_word' id='word_1_383' title='bbox 528 3954 557 4023; x_wconf 84' lang='lat'>5,</span> <span class='ocrx_word' id='word_1_384' title='bbox 575 3954 599 4008; x_wconf 90' lang='lat'>1.</span> <span class='ocrx_word' id='word_1_385' title='bbox 619 3956 634 4007; x_wconf 82' lang='lat'>2</span> <span class='ocrx_word' id='word_1_386' title='bbox 653 3953 687 4008; x_wconf 84' lang='lat' dir='ltr'>cf.</span> <span class='ocrx_word' id='word_1_387' title='bbox 706 3955 734 4022; x_wconf 89' lang='lat'>1,</span> <span class='ocrx_word' id='word_1_388' title='bbox 753 3954 776 4031; x_wconf 83' lang='lat'>7,</span> <span class='ocrx_word' id='word_1_389' title='bbox 795 3958 823 4008; x_wconf 86' lang='lat' dir='ltr'>et</span> <span class='ocrx_word' id='word_1_390' title='bbox 841 3952 874 4008; x_wconf 88' lang='lat' dir='ltr'>de</span> <span class='ocrx_word' id='word_1_391' title='bbox 893 3954 1006 4008; x_wconf 76' lang='lat' dir='ltr'>absente</span> <span class='ocrx_word' id='word_1_392' title='bbox 1025 3956 1193 4023; x_wconf 86' lang='grc' dir='ltr'>κατακρίματι</span> <span class='ocrx_word' id='word_1_393' title='bbox 1210 3956 1239 4023; x_wconf 89' lang='grc'>8,</span> <span class='ocrx_word' id='word_1_394' title='bbox 1259 3954 1287 4021; x_wconf 90' lang='grc'>1,</span> <span class='ocrx_word' id='word_1_395' title='bbox 1312 3961 1339 4007; x_wconf 88' lang='lat' dir='ltr'>et</span> <span class='ocrx_word' id='word_1_396' title='bbox 1362 3953 1396 4007; x_wconf 90' lang='lat' dir='ltr'>de</span> <span class='ocrx_word' id='word_1_397' title='bbox 1505 4014 1506 4019; x_wconf 14' lang='grc' dir='ltr'>γ</span> 
     </span>
     <span class='ocr_line' id='line_1_37' title="bbox 222 4038 1506 4109; baseline -0.005 -10"><span class='ocrx_word' id='word_1_398' title='bbox 222 4042 443 4099; x_wconf 82' lang='lat' dir='ltr'>reconciliatione</span> <span class='ocrx_word' id='word_1_399' title='bbox 460 4042 538 4097; x_wconf 88' lang='lat' dir='ltr'>Ram.</span> <span class='ocrx_word' id='word_1_400' title='bbox 556 4041 587 4107; x_wconf 83' lang='lat'>5,</span> <span class='ocrx_word' id='word_1_401' title='bbox 610 4040 644 4095; x_wconf 89' lang='grc'>10</span> <span class='ocrx_word' id='word_1_402' title='bbox 662 4039 695 4094; x_wconf 83' lang='lat' dir='ltr'>cf.</span> <span class='ocrx_word' id='word_1_403' title='bbox 714 4042 731 4095; x_wconf 83' lang='lat'>9</span> <span class='ocrx_word' id='word_1_404' title='bbox 749 4042 931 4108; x_wconf 59' lang='grc' dir='ltr'>δικαιωθέντες.</span> <span class='ocrx_word' id='word_1_405' title='bbox 967 4040 1040 4095; x_wconf 84' lang='lat' dir='ltr'>Nata</span> <span class='ocrx_word' id='word_1_406' title='bbox 1057 4042 1152 4109; x_wconf 82' lang='lat' dir='ltr'>etiam,</span> <span class='ocrx_word' id='word_1_407' title='bbox 1176 4042 1249 4109; x_wconf 88' lang='lat' dir='ltr'>quod</span> <span class='ocrx_word' id='word_1_408' title='bbox 1271 4041 1348 4096; x_wconf 86' lang='lat' dir='ltr'>Rom.</span> <span class='ocrx_word' id='word_1_409' title='bbox 1371 4040 1396 4108; x_wconf 83' lang='lat'>5,</span> <span class='ocrx_word' id='word_1_410' title='bbox 1505 4038 1506 4041; x_wconf 74' lang='grc'>’</span> 
     </span>
     <span class='ocr_line' id='line_1_38' title="bbox 223 4122 1506 4199; baseline -0.005 -14"><span class='ocrx_word' id='word_1_411' title='bbox 223 4131 256 4185; x_wconf 86' lang='lat'>13</span> <span class='ocrx_word' id='word_1_412' title='bbox 273 4132 390 4199; x_wconf 80' lang='lat' dir='ltr'>negetur</span> <span class='ocrx_word' id='word_1_413' title='bbox 406 4126 531 4197; x_wconf 78' lang='grc' dir='ltr'>ἃμαρτίαν</span> <span class='ocrx_word' id='word_1_414' title='bbox 549 4128 713 4198; x_wconf 60' lang='lat' dir='ltr'>atterebat</span> <span class='ocrx_word' id='word_1_415' title='bbox 730 4126 766 4196; x_wconf 85' lang='grc' dir='ltr'>μὴ</span> <span class='ocrx_word' id='word_1_416' title='bbox 785 4122 854 4190; x_wconf 86' lang='grc' dir='ltr'>όντος</span> <span class='ocrx_word' id='word_1_417' title='bbox 871 4125 960 4197; x_wconf 87' lang='grc' dir='ltr'>νόμον,</span> <span class='ocrx_word' id='word_1_418' title='bbox 979 4143 1038 4182; x_wconf 91' lang='lat' dir='ltr'>eam</span> <span class='ocrx_word' id='word_1_419' title='bbox 1060 4144 1123 4182; x_wconf 87' lang='lat' dir='ltr'>vero</span> <span class='ocrx_word' id='word_1_420' title='bbox 1142 4143 1202 4182; x_wconf 85' lang='lat' dir='ltr'>esee</span> <span class='ocrx_word' id='word_1_421' title='bbox 1229 4134 1257 4182; x_wconf 89' lang='lat' dir='ltr'>et</span> <span class='ocrx_word' id='word_1_422' title='bbox 1283 4131 1396 4182; x_wconf 88' lang='lat' dir='ltr'>mortem</span> <span class='ocrx_word' id='word_1_423' title='bbox 1505 4158 1506 4161; x_wconf 57' lang='lat'><em>=</em></span> 
     </span>
    </p>
   </div>
   <div class='ocr_carea' id='block_1_16' title="bbox 223 4212 1396 4286">
    <p class='ocr_par' dir='ltr' id='par_1_17' title="bbox 223 4212 1396 4286">
     <span class='ocr_line' id='line_1_39' title="bbox 223 4212 1396 4286; baseline -0.003 -14"><span class='ocrx_word' id='word_1_424' title='bbox 223 4233 283 4273; x_wconf 90' lang='lat' dir='ltr'>eam</span> <span class='ocrx_word' id='word_1_425' title='bbox 294 4216 372 4286; x_wconf 90' lang='lat' dir='ltr'>sequi</span> <span class='ocrx_word' id='word_1_426' title='bbox 384 4221 474 4270; x_wconf 88' lang='lat' dir='ltr'>tamen</span> <span class='ocrx_word' id='word_1_427' title='bbox 492 4215 652 4270; x_wconf 88' lang='lat' dir='ltr'>affirmatur.</span> <span class='ocrx_word' id='word_1_428' title='bbox 662 4243 694 4255; x_wconf 91' lang='lat'>-</span> <span class='ocrx_word' id='word_1_429' title='bbox 709 4212 729 4284; x_wconf 79' lang='lat'>³)</span> <span class='ocrx_word' id='word_1_430' title='bbox 748 4214 808 4269; x_wconf 90' lang='lat' dir='ltr'>Hac</span> <span class='ocrx_word' id='word_1_431' title='bbox 819 4215 895 4283; x_wconf 89' lang='lat' dir='ltr'>ipsae</span> <span class='ocrx_word' id='word_1_432' title='bbox 913 4215 1123 4283; x_wconf 85' lang='lat' dir='ltr'>propositiones,</span> <span class='ocrx_word' id='word_1_433' title='bbox 1142 4213 1239 4280; x_wconf 90' lang='lat' dir='ltr'>quibus</span> <span class='ocrx_word' id='word_1_434' title='bbox 1252 4215 1396 4284; x_wconf 59' lang='grc' dir='ltr'>λογίζεσθαι</span> 
     </span>
    </p>
   </div>
   <div class='ocr_carea' id='block_1_17' title="bbox 222 4299 1489 4381">
    <p class='ocr_par' dir='ltr' id='par_1_18' title="bbox 222 4299 1489 4381">
     <span class='ocr_line' id='line_1_40' title="bbox 222 4299 1489 4381; baseline -0.003 -22"><span class='ocrx_word' id='word_1_435' title='bbox 222 4302 368 4365; x_wconf 84' lang='lat' dir='ltr'>adhibetur</span> <span class='ocrx_word' id='word_1_436' title='bbox 398 4302 427 4365; x_wconf 90' lang='lat' dir='ltr'>in</span> <span class='ocrx_word' id='word_1_437' title='bbox 452 4301 633 4365; x_wconf 76' lang='lat' dir='ltr'>describenda</span> <span class='ocrx_word' id='word_1_438' title='bbox 663 4301 830 4376; x_wconf 81' lang='lat' dir='ltr'>singularum</span> <span class='ocrx_word' id='word_1_439' title='bbox 855 4302 994 4360; x_wconf 87' lang='lat' dir='ltr'>hominurn</span> <span class='ocrx_word' id='word_1_440' title='bbox 1021 4300 1088 4375; x_wconf 85' lang='lat' dir='ltr'>fide,</span> <span class='ocrx_word' id='word_1_441' title='bbox 1115 4299 1395 4373; x_wconf 52' lang='lat' dir='ltr'>iudicantf&#39;Paulum</span> <span class='ocrx_word' id='word_1_442' title='bbox 1483 4368 1489 4381; x_wconf 73' lang='lat'>,</span> 
     </span>
    </p>
   </div>
   <div class='ocr_carea' id='block_1_18' title="bbox 0 0 1530 4848">
    <p class='ocr_par' dir='ltr' id='par_1_19' title="bbox 0 0 1530 4848">
     <span class='ocr_line' id='line_1_41' title="bbox 0 0 1530 4848; baseline 0 0"><span class='ocrx_word' id='word_1_443' title='bbox 0 0 1530 4848; x_wconf 95' lang='lat' dir='ltr'> </span> 
     </span>
    </p>
   </div>
  </div>
 </body>
</html>
