3050 4848
698 316 884 376 „g-

205 474 279 546 dicit
305 485 342 545 de
371 484 505 545 veritatis
536 500 650 544 amore:
680 500 851 560 persuasum
878 484 971 543 Panlo
1001 482 1071 559 fuit,
1102 483 1287 559 evangelium
1313 502 1378 544 esse

204 588 358 649 veritatem
380 589 450 672 κατ’
468 582 583 670 ἐξοχήν,
608 587 644 660 ci.
669 586 757 646 etiam
780 588 817 663 ΙΙ,
842 592 870 663 2,
895 590 943 646 2,Ὶ
960 580 1002 669 μὴ
1032 585 1217 668 selectum
1245 579 1379 649 ἀπὸτοῦ

204 687 280 771 νοός·
307 691 386 777 quod
408 690 435 757 si
455 690 520 767 quis
542 689 726 766 evangelium
748 691 898 767 reprobet,
922 690 1077 751 veritatem
1099 690 1148 750 vel
1169 707 1270 750 verum
1285 690 1379 749 Deum

205 814 270 866 cum
286 799 484 873 contemnere;
509 812 600 870 quare
615 793 640 855 si
660 793 726 869 quis
752 795 914 854 naturalem
940 794 1086 869 quendam
1111 794 1222 853 habeat
1251 812 1380 854 amorem

205 897 339 959 veritatis
361 899 399 976 ΙΙ,
423 901 452 974 2,
479 899 518 956 lo
541 892 592 979 (ci.
615 892 824 980 Lunemaan),
856 915 920 956 eum
950 897 1045 957 Deum
1074 914 1176 957 vemm
1204 914 1263 956 non
1293 915 1379 973 posse

204 978 377 1079 reprobare,
408 1001 438 1061 in
459 999 667 1060 *convertendo
698 999 773 1060 enim
803 999 841 1059 ad
868 1001 963 1063 Deum
993 1001 1079 1059 homo
1106 1018 1138 1060 se
1169 999 1313 1060 convertit
1341 1001 1380 1060 ad

205 1104 360 1165 veritatem
383 1099 437 1187 (ib.
460 1123 488 1163 v.
515 1105 554 1163 14
576 1099 675 1177 πίστις
697 1097 871 1186 didicisse).
916 1103 976 1163 Soli
998 1108 1096 1163 antem
1111 1108 1141 1163 11
1155 1121 1225 1163 vero
1241 1104 1306 1164 Deo
1321 1122 1379 1163 non

205 1212 303 1285 potest
324 1208 456 1285 placere,
480 1206 531 1283 qui
553 1226 618 1267 eum
641 1206 808 1266 contemnit.
853 1207 962 1268 Contra
983 1207 1008 1267 si
1029 1206 1055 1267 is
1070 1208 1164 1285 Deus,
1188 1225 1274 1283 quem
1296 1226 1378 1283 prae-

206 1310 337 1387 dicabat,
369 1329 457 1371 verus
487 1315 520 1385 et,
545 1310 631 1371 vivus
660 1329 718 1370 non
749 1315 843 1388 esset,
874 1329 969 1386 neque
998 1329 1030 1371 re
1060 1328 1131 1370 vera
1159 1310 1269 1370 lactum
1292 1316 1378 1389 esset,

207 1414 286 1491 quod
308 1413 476 1492 nuntiabat,
500 1432 558 1493 111
574 1415 651 1492 Deo,
675 1415 727 1474 sed
741 1413 828 1493 idolis
850 1417 872 1490 Ι,
892 1417 919 1493 1,
937 1417 955 1473 9
971 1413 1125 1474 crederent
1141 1410 1168 1476 oi
1182 1409 1378 1490 πιστεύοντες,

205 1536 302 1594 neque
323 1516 397 1578 fides
419 1516 509 1593 digna
531 1522 609 1578 11111
635 1535 712 1593 quae
733 1518 913 1579 laudaretur.
968 1517 1109 1587 Videmus
1130 1516 1231 1596 igItur,
1256 1519 1380 1578 Paulum

207 1620 316 1682 sentire
339 1620 534 1694 cognitionem
556 1621 704 1697 quandam
719 1626 749 1681 et
764 1620 974 1697 experientiam
989 1620 1045 1681 Dei
1060 1622 1282 1682 antecedentem
1296 1621 1379 1701 fidei;

207 1727 302 1787 solum
323 1723 413 1800 isqui
428 1725 522 1783 Deum
538 1743 608 1784 vere
630 1724 782 1803 cognovit,
805 1724 863 1784 fide
884 1724 915 1784 in
938 1743 1002 1785 enm
1025 1743 1057 1784 11
1079 1729 1250 1786 convertere
1272 1730 1380 1802 potest.

208 1828 311 1902 Qualis
332 1846 403 1887 vero
427 1828 501 1887 baec
523 1827 704 1904 experientia
725 1827 826 1906 fuerit,
850 1828 1023 1905 intelligitur
1045 1849 1081 1889 ex
1102 1848 1151 1908 eo,
1176 1829 1255 1906 quod
1277 1829 1307 1888 in
1329 1846 1382 1889 sua

206 1932 299 2010 ipsius
321 1929 512 1991 conversione
534 1931 637 1991 nolens
660 1931 804 1991 Christum
828 1937 1008 2008 cognoverat
1030 1929 1179 2017 vivere1)

293 2036 358 2095 Jam
388 2034 574 2112 intelligitur,
606 2052 658 2094 cur
687 2034 764 2095 actio
794 2036 984 2096 convertendi
1015 2055 1047 2096 se
1079 2037 1117 2095 ad
1143 2037 1238 2097 Deum
1267 2037 1383 2097 dicatur

207 2140 329 2200 sormam
350 2138 461 2198 habere
477 2137 691 2198 oboedientiae.
736 2138 794 2210 Qui
805 2138 914 2216 credit,
932 2139 1070 2215 cognovit
1085 2140 1238 2200 veritatem
1253 2140 1383 2200 divinam

208 2261 300 2319 seque
323 2241 350 2302 ei
372 2240 484 2319 subdit,
501 2241 635 2317 quamvis
650 2240 681 2300 in
696 2241 850 2317 evangelio
866 2243 958 2302 multa
972 2242 1044 2319 sint,
1062 2261 1138 2318 quae
1153 2262 1211 2303 non
1225 2243 1381 2320 intelligat,

210 2350 240 2406 et
252 2345 343 2404 multa
354 2363 431 2420 qnae
443 2343 524 2404 malit
538 2343 668 2421 rejicere,
683 2363 771 2421 quum
782 2344 813 2404 in
823 2345 976 2423 evangelio
987 2345 1080 2406 omnis
1091 2346 1200 2405 homini
1212 2346 1384 2406 detrahatur

207 2451 315 2527 honos,
338 2453 371 2508 nt
392 2448 447 2508 soli
469 2449 534 2508 Deo
555 2447 711 2509 tribuatur.

296 2552 448 2623 Quomodo
472 2568 542 2612 vero
564 2552 681 2611 omnino
704 2551 811 2628 aliquis
826 2552 933 2613 certior
954 2552 1006 2612 fiat
1021 2552 1058 2613 de
1073 2552 1198 2613 veritate
1214 2552 1382 2633 christiana,

210 2656 235 2717 si
258 2673 363 2715 causas
385 2655 516 2716 internas
538 2660 568 2716 et
590 2660 686 2715 motus
706 2655 837 2717 internos
856 2655 1039 2733 respicimus,
1063 2656 1109 2717 his
1124 2658 1243 2726 duabus¹
1253 2656 1383 2732 epistolis

208 2778 267 2820 non
297 2758 470 2835 explicatur.
518 2760 583 2818 Hoc
598 2759 692 2819 Paulo
722 2758 842 2837 sufficit,
875 2759 1009 2819 convinci
1038 2759 1183 2836 homines,
1215 2759 1290 2820 sicut
1319 2760 1382 2836 ipse

129 2914 131 2922 .
210 2862 362 2923 convictus
388 2867 460 2922 erat.
506 2860 1098 2946 Ε1111111ν111111111πληροφορίας,
1128 2862 1244 2922 divinas
1267 2863 1383 2938 quidem

94 2954 96 2959 ’
210 2971 240 3027 11
260 2958 471 3044 miraculosae,
506 2966 579 3026 satis
609 2966 749 3043 explicat,
785 2968 879 3026 Deum
909 2967 986 3027 enim
1019 2985 1050 3026 se
1081 2965 1176 3042 ipsum
1204 2967 1384 3028 revelavisse

211 3071 282 3131 dicit
306 3089 362 3146 per
386 3070 476 3130 filium
503 3088 586 3130 snum
614 3072 637 3147 l,
664 3072 690 3146 1,
717 3072 765 3148 10,
794 3070 915 3146 singulis
941 3089 1012 3130 vero
1030 3069 1195 3130 hominibus
1218 3072 1308 3132 verbo
1331 3090 1384 3132 suo

211 3179 242 3234 et
264 3174 419 3249 evangelio
442 3176 465 3251 Ι,
492 3175 518 3250 1,
543 3175 572 3233 5.
597 3177 629 3252 6,
654 3175 682 3251 2,
707 3176 740 3251 3,
765 3175 793 3250 3,
812 3175 844 3250 2,
868 3175 906 3249 Π,
931 3175 1012 3251 3,1,
1047 3173 1165 3249 quodsi
1181 3174 1246 3250 quis
1261 3175 1384 3252 rejiciat,

211 3281 306 3339 Deum
328 3277 410 3337 illum
432 3278 591 3354 reprobare
614 3279 636 3354 Ι,
661 3279 689 3355 2,
716 3279 768 3355 13,
799 3278 828 3355 4,
853 3280 886 3356 8,
918 3278 996 3338 unde
1019 3258 1126 3337 dicitur
1140 3278 1221 3338 Dens
1246 3271 1261 3339 ὁ
1288 3278 1387 3339 καλῶν

212 3385 235 3460 Ι,
260 3385 287 3460 2,
315 3384 366 3460 12,
396 3383 435 3458 ΙΙ,
460 3383 488 3457 2,
515 3382 563 3439 14.
608 3381 665 3441 Sed
692 3380 781 3441 etiam
807 3385 875 3457 post
901 3380 1084 3441 vocationem
1106 3380 1192 3441 adest
1214 3382 1295 3445 Deus
1317 3380 1386 3440 fide·

211 3485 288 3546 libus
311 3484 485 3545 confirmans
508 3503 559 3544 eos
581 3486 604 3561 Ι,
629 3486 657 3561 3,
685 3486 737 3562 12,
762 3484 790 3562 5,
815 3486 872 3562 23,
897 3486 934 3563 ΙΙ,
959 3487 988 3561 2,
1014 3486 1067 3563 17,
1092 3487 1121 3561 3,
1146 3485 1174 3543 5.

297 3588 405 3666 Agitur
433 3606 504 3647 vero
536 3587 567 3646 in
598 3587 753 3664 evangelio
785 3587 835 3647 illo
867 3587 930 3648 sive
953 3590 1043 3649 verbo
1067 3587 1166 3648 divino
1189 3589 1227 3648 de
1248 3589 1326 3665 Deo,
1350 3587 1387 3648 de

211 3693 271 3752 filio
293 3692 363 3770 Dei,
387 3692 424 3752 de
451 3691 664 3752 resurrectione
692 3693 754 3769 ejus
777 3696 807 3751 11
828 3691 957 3752 fidelium
979 3695 1002 3771 Ι,
1026 3693 1055 3769 4,
1083 3694 1119 3752 13
1136 3712 1185 3770 ss,
1210 3693 1246 3752 de
1273 3692 1317 3752 ira
1331 3690 1388 3752 Dei

212 3801 242 3856 et
255 3795 382 3873 judicio,
403 3797 440 3856 de
459 3800 583 3872 peccato
602 3800 632 3855 et
651 3795 780 3872 pernicie
799 3794 946 3855 hominum
962 3798 984 3873 Ι,
1002 3798 1030 3874 2,
1050 3797 1105 3875 16,
1133 3796 1387 3873 1121111111-

213 3904 275 3959 tate
290 3899 348 3958 Dei
362 3902 385 3978 Ι,
402 3901 431 3978 4,
449 3902 477 3978 3,
495 3900 532 3959 de
547 3899 641 3958 salute
656 3901 694 3977 11,
712 3902 740 3976 2,
758 3901 795 3959 13
808 3918 842 3975 1.,
862 3899 898 3958 de
913 3898 979 3959 aliis
990 3900 1087 3959 rebus.
1118 3899 1386 3977 Animadvertatur,

214 4004 358 4079 quomodo
385 4002 416 4062 in
442 4003 507 4080 ipsa
533 4001 656 4078 simplici
682 4001 798 4062 actione
826 4001 965 4073 credendi
987 4021 1110 4079 magnus
1132 4020 1267 4063 numerus
1293 4022 1388 4063 rerum

302 4154 321 4221 ¹)
340 4156 430 4222 Quare
458 4157 532 4209 certe
551 4155 661 4206 ustulat·
683 4153 711 4222 (l.
729 4170 751 4207 1.
770 4172 795 4222 p.
813 4152 874 4219 107)
901 4160 929 4207 11
946 4153 1073 4204 Raickertii
1090 4152 1236 4220 (Theolopie,
1255 4154 1292 4208 ΙΙ,
1313 4153 1390 4219 1851,

211 4259 237 4306 p.
265 4239 335 4294 263:
366 4242 412 4292 das
437 4241 567 4308 Eepreijea
593 4241 634 4291 dea
660 4240 754 4291 idealen
779 4240 881 4305 Lenem)
910 4239 1081 4295 definitiones
1108 4254 1168 4292 cum
1194 4239 1308 4294 Paulina
1334 4255 1390 4293 non

213 4330 375 4397 congruunt
