3050 4848
632 325 840 386 ..53.-

143 494 267 578 Ἰησοῦν,
284 502 316 556 ut
325 503 475 572 appareat,
489 496 646 559 πιστεῦσαι
661 512 724 554 esse
739 497 831 555 παεῖν
846 490 990 565 quoddam
1004 490 1064 547 eive
1076 489 1218 547 actionem
1229 486 1320 545 homi·

147 602 205 674 nis,
236 600 315 658 illam
337 602 449 659 scilicet
471 601 658 673 singularem,
688 613 744 671 qua
773 596 835 654 sola
865 594 950 653 homo
972 591 1108 673 σωῗιῆναι
1129 591 1230 664 possit.
1274 589 1325 647 Eur

150 704 253 763 eodem
267 720 351 762 versu
366 709 451 778 atque
469 720 504 762 ex
522 703 570 776 17,
594 704 612 761 7
635 705 772 774 apparet,
794 699 913 756 Paulum
935 697 984 756 illo
999 702 1127 770 tempore
1144 694 1179 752 de
1194 696 1321 767 persona?

148 807 218 865 Jesn
239 807 316 865 omni
338 808 366 864 vi
388 806 617 882 praedicavisse,
640 820 697 862 non
720 803 755 861 de
776 802 855 863 inani
878 799 924 860 vel
939 799 1069 873 generali
1084 799 1179 871 aliqua
1193 793 1322 871 philos'o··

147 911 233 984 phlca
254 909 322 969 fidei
344 911 473 986 notione,
497 908 532 970 cf.
556 925 623 983 pag.
648 913 666 966 6
689 926 711 967 s.

138 1088 145 1099 Ρ
234 1013 281 1072 Ex
302 1014 337 1071 iis
360 1029 442 1084 vero,
472 1028 545 1086 quae
568 1011 713 1085 apostolus
735 1008 956 1067 Atheniensibus
977 1005 1155 1080 praedicavit
1175 1005 1206 1062 in
1227 1003 1322 1063 Anco¹
1385 1034 1387 1039 ·

148 1132 223 1191 pago
242 1116 288 1189 17,
312 1117 465 1187 22-31,
488 1115 628 1186 videmus,
651 1114 774 1172 Paulum
796 1111 949 1185 gentilibus
971 1109 1164 1181 cognitionem
1179 1106 1322 1181 quandam

149 1220 310 1278 naturalem
350 1220 478 1277 veritatis
518 1216 644 1277 tribuere
680 1214 729 1290 (cf.
755 1232 819 1288 pag.
849 1217 880 1288 8)
913 1218 1001 1286 atque
1028 1211 1066 1270 ad
1098 1226 1160 1269 eum
1192 1227 1223 1269 se
1254 1202 1321 1267 con·

149 1328 263 1382 vertere
280 1321 512 1395 praedicantem,
536 1337 598 1380 eum
621 1336 689 1378 vero
711 1318 903 1391 cognitionem
924 1321 1035 1374 tanturn
1057 1315 1083 1372 ei
1106 1313 1199 1372 videri
1220 1312 1323 1371 abesse

149 1443 167 1485 a
193 1426 279 1498 plena
305 1426 441 1499 ueritate,
471 1429 503 1482 ut
530 1424 692 1496 ignorantia
718 1423 756 1479 sit
776 1439 802 1482 ν.
826 1423 866 1478 30
893 1426 980 1493 atque
1006 1421 1142 1491 oporteat
1169 1418 1323 1475 veritatem

148 1530 204 1588 illis
219 1527 390 1602 praedicari.
435 1526 660 1585 Praedicationis
683 1531 778 1584 autern
801 1540 910 1582 summa
931 1522 1004 1581 hacc
1026 1521 1086 1580 fere
1110 1525 1168 1580 est:
1194 1521 1223 1594 l)
1245 1520 1322 1578 Deus

151 1633 225 1707 vult,
254 1647 353 1690 omnes
382 1630 511 1688 homines
540 1629 645 1702 ubique
675 1632 829 1709 μετανοεῖν
859 1644 885 1684 v.
916 1627 973 1697 3οιΙ
1018 1627 1050 1700 2)
1079 1625 1159 1682 Deus
1186 1623 1324 1696 judicium

150 1734 270 1794 habebit
301 1733 337 1791 de
368 1731 472 1791 mondo
501 1733 531 1789 in
561 1729 618 1812 (ε’ν)
652 1748 700 1801 eo,
735 1733 783 1805 qui
820 1729 977 1790 resurrexit
1011 1745 1027 1787 e
1060 1728 1180 1791 mortuis
1216 1744 1242 1786 v.
1275 1726 1324 1784 st

153 1838 185 1914 3)
207 1837 241 1895 In
264 1835 366 1894 eodem
380 1836 459 1894 Dens
482 1839 528 1894 est
547 1830 645 1896 πίστιν
667 1828 838 1916 παρασχών.
878 1834 979 1905 Itaque
1000 1831 1077 1890 idem
1100 1829 1160 1889 fere
1182 1828 1324 1903 significa·

126 1951 127 1955 ’
151 1946 199 1999 tur
221 1939 316 1998 verbis
339 1933 354 1999 ὃ
379 1930 454 2009 uate
475 1935 675 2019 παραγγέλλει
698 1940 962 2018 persuadeatque
985 1934 1080 1995 verbis
1108 1930 1204 1994 πίστιν
1230 1951 1327 2013 παρα-

150 2037 242 2122 σχώνε
275 2038 374 2114 πίστις
389 2058 452 2099 cum
468 2044 623 2121 μετανοεῖν
645 2042 739 2114 aliquo
762 2041 846 2100 modo
866 2042 1017 2112 conjuncta
1039 2043 1092 2096 est.
1135 2036 1235 2094 Fidem
1256 2048 1326 2093 uere
1383 2071 1387 2075 ,

150 2146 228 2203 Dens
250 2143 400 2226 παρέσχεν
423 2150 472 2203 aut
494 2144 757 2217 torquendorum
780 2162 844 2203 eam
865 2142 1021 2217 praehens,
1048 2156 1134 2214 quum
1161 2144 1191 2197 et
1213 2138 1327 2211 objecta

153 2254 182 2308 et
203 2249 419 2308 fundamentum
441 2265 512 2321 opus
536 2241 646 2307 Christi
668 2247 802 2322 viresqne
823 2247 892 2306 fidei
915 2248 976 2319 ipse
1004 2243 1166 2313 donaverit,
1194 2246 1244 2300 aut
1264 2246 1328 2299 ton·

152 2369 241 2425 quam
263 2351 459 2411 condicionem
481 2349 565 2409 facile
587 2351 760 2422 implendam
781 2349 943 2408 hominibus
966 2365 1029 2406 cem
1056 2347 1223 2417 admittens;
1252 2346 1328 2403 actio

152 2472 222 2514 vero
251 2455 374 2513 hominis
399 2453 481 2512 nullo
508 2452 593 2511 modo
621 2453 794 2525 excluditur,
821 2453 873 2511 sed
899 2452 989 2512 verbo
1011 2453 1166 2532 μετανοεῖν
1192 2463 1328 2524 expresse

151 2558 323 2632 postulatur.

238 2661 360 2720 Ceterae
392 2657 464 2733 quae
493 2660 522 2718 in
553 2659 626 2717 actis
658 2658 724 2735 (18,
757 2660 873 2718 23-ι,
899 2660 954 2734 28)
986 2659 1151 2717 referuntur
1182 2658 1327 2717 orationes

152 2764 329 2840 respondent
352 2767 474 2841 quatuor
497 2762 624 2837 epistolis
639 2761 845 2836 principalibus
868 2769 954 2836 atque
977 2761 1115 2821 etiamad
1131 2765 1328 2835 easspectant

125 2869 298 2943 “epistolas
322 2861 396 2941 quae
419 2884 436 2924 a
459 2868 571 2940 captivo
592 2867 718 2940 scriptae
742 2871 807 2924 sunt
829 2866 971 2940 apostolo.
1009 2865 1054 2924 Ex
1077 2882 1120 2938 eo,
1144 2865 1220 2939 quod
1245 2866 1327 2936 tau

154 2973 278 3045 quaerit,
301 2968 327 3032 εί
349 2970 467 3051 πνεῦμα
488 2964 571 3050 ἅγιον
593 2963 717 3048 ἐλάβετε
737 2963 960 3045 πιστεύσαντες,
984 2948 1191 3044 concludimus,
1213 2968 1327 3031 initium
1381 2980 1390 2997 ⁴

152 3093 242 3135 novae
267 3075 495 3150 Christianorum
521 3074 598 3133 vitae
625 3074 694 3146 poni
721 3074 751 3131 in
778 3073 821 3155 τῷ
841 3072 997 3135 πιστεῦσαι
1024 3072 1100 3147 quod
1124 3073 1161 3130 ad
1184 3074 1328 3132 sotionem

154 3180 306 3239 humanam
339 3180 443 3237 attinet
475 3183 504 3236 et
533 3179 562 3234 in
591 3177 634 3259 τῷ
663 3176 782 3257 πνεῦμα
811 3170 892 3257 ἅγιον
922 3177 1024 3255 λαβεῖν
1058 3175 1133 3250 quod
1164 3175 1201 3235 ad
1223 3176 1328 3235 donum

130 3283 284 3344 ‘diuimm
305 3283 421 3354 attinet,
451 3280 486 3339 cf.
509 3297 574 3355 pag.
599 3282 638 3338 39
662 3298 693 3356 s,
722 3284 753 3338 ut
782 3286 972 3352 cognoscatur
998 3279 1086 3339 fidem
1113 3294 1145 3339 re
1175 3296 1244 3338 vera
1266 3295 1329 3338 esso

157 3403 220 3445 eam
252 3384 319 3443 fidei
350 3386 506 3457 actionem,
540 3401 596 3457 qua
627 3383 749 3457 Spiritus
780 3381 901 3442 Sanctus
927 3384 1102 3456 accipiatur3
1135 3382 1247 3442 accedit
1277 3382 1330 3444 τοῦ

154 3485 365 3569 βαπτίσματος
393 3488 505 3561 signum
532 3492 690 3549 externum.
734 3486 830 3544 Etiam
856 3487 998 3546 loannem
1019 3487 1176 3560 baptistam
1198 3487 1269 3546 dicit
1292 3487 1328 3546 ab

152 3595 187 3652 iis
210 3594 258 3667 qui
280 3610 344 3653 eum
368 3592 512 3650 audierint
534 3592 664 3666 petiisse,
694 3585 744 3651 tta
766 3584 959 3651 πιστεύσωσιν
987 3586 1029 3663 είς
1050 3583 1104 3651 τὸν
1125 3588 1229 3671 luecio
1250 3609 1276 3650 v.
1299 3590 1328 3651 4.

153 3698 246 3756 Porro
283 3700 418 3754 narratur
449 3695 557 3753 Paulus
589 3695 642 3765 20,
678 3693 812 3752 18-35
842 3694 938 3752 Mileti
967 3694 1145 3768 preshyteris
1175 3693 1329 3768 Ephesinis

153 3804 243 3858 totam
259 3816 338 3857 suam
354 3800 441 3857 vitam
456 3797 620 3870 depinxisse
636 3796 671 3859 cf.
684 3816 711 3870 p.
725 3798 765 3855 40
781 3814 803 3854 s.
819 3800 851 3853 ut
865 3797 1012 3856 servitium
1024 3797 1148 3855 Domino
1158 3797 1329 3870 praestitum
1367 3806 1369 3811 ⁴

154 3919 180 3962 v.
206 3904 244 3960 le
276 3905 306 3959 et
336 3902 530 3961 testimonium
558 3901 594 3960 de
617 3898 662 3973 είς
683 3894 757 3964 teto
780 3897 926 3983 μετανοίᾳ
957 3907 986 3959 et
1017 3901 1051 3959 de
1081 3899 1139 3958 tide
1169 3901 1199 3957 in
1229 3900 1329 3969 desum

154 4006 320 4080 Dominum3
344 4004 414 4063 nihil
436 4005 525 4077 igitur
549 4020 579 4062 se
594 4005 719 4064 voluisse
734 4003 860 4063 affirmat
875 4005 928 4063 uisi
943 4005 1076 4063 nuntiare
1091 4005 1214 4076 gratiam
1229 4004 1285 4062 Dei
1301 4008 1330 4062 et

154 4107 309 4168 admonere
325 4107 503 4168 hominesad
514 4106 600 4165 fidem
616 4110 828 4169 ostendendam.
856 4109 960 4168 Coram
972 4107 1089 4166 ludaeis
1105 4106 1207 4166 deinde
1223 4108 1328 4167 Hiero·

154 4212 331 4285 solymitanis
356 4229 378 4270 c.
396 4213 435 4271 22
459 4215 488 4270 et
510 4211 643 4284 synedrio
660 4214 709 4286 23,
736 4216 827 4271 1-6
852 4214 997 4286 apostolus
1020 4212 1182 4285 profitetur,
1204 4228 1238 4271 re
1260 4228 1329 4272 vera

155 4315 299 4374 Christum
326 4316 518 4374 resurrexisse
548 4308 578 4373 ε’
593 4316 725 4391 mortuis3
753 4318 831 4377 omni
852 4316 937 4375 modo
960 4331 1010 4375 cos
1033 4333 1089 4376 non
1111 4317 1172 4374 vult
1192 4300 1327 4390 ignorare
