3050 4848
702 360 913 420 ..53-

714 609 897 694 Epilogus.

305 753 406 813 Finem
429 749 642 812 dissertationis
664 750 813 810 faciamus.
858 749 953 822 Quam
972 748 998 810 si
1012 748 1076 823 quis
1091 749 1219 825 benigno
1233 750 1392 827 perlegerit
1507 780 1508 827 3

220 846 325 934 animo,
338 856 460 945 tortasse
471 855 624 931 concedet,
637 871 695 914 non
706 855 794 930 plane
809 852 957 929 superflua
971 870 1035 913 esse
1050 870 1094 924 ea,
1115 870 1190 927 quae
1205 852 1235 914 in
1249 853 1301 913 itta
1312 852 1393 914 dicta
1507 882 1508 931 3

220 963 296 1019 sunt.
327 958 466 1031 Quamvis
487 958 562 1019 enim
587 958 676 1017 multa
697 958 733 1016 de
748 957 805 1016 fide
822 954 987 1030 conscripta
1003 955 1073 1032 sint,
1098 956 1242 1016 tamenin
1264 948 1298 1018 eo
1323 956 1392 1017 mihi
1507 960 1508 965 ’

220 1062 336 1122 videtur
353 1060 523 1138 saepissime
538 1060 641 1136 errari,
666 1061 744 1135 quod
759 1077 850 1136 genus
865 1058 1027 1135 proximum
1043 1059 1230 1138 definitionis,
1248 1059 1392 1120 actionem

219 1163 332 1225 scilicet
343 1182 406 1224 earn
419 1183 482 1224 esse
498 1162 677 1239 spiritualem
689 1162 820 1239 heminis,
838 1180 896 1222 non
913 1162 955 1222 ita
968 1161 999 1221 in
1010 1162 1106 1222 medic
1121 1167 1258 1241 ponatur,
1276 1168 1309 1223 ut
1320 1163 1391 1224 satis

220 1268 348 1341 eluceat3
363 1268 440 1327 unde
455 1267 497 1345 fit,
513 1271 546 1326 ut
559 1266 633 1326 fides
648 1266 709 1326 iere
724 1284 870 1340 nunquam
886 1265 1053 1343 definiatur,
1070 1284 1185 1343 semper
1199 1265 1391 1327 describatur.

218 1371 253 1430 Id
276 1371 351 1431 enim
385 1370 461 1445 quod
495 1370 629 1430 doctores
662 1369 803 1430 ecclesiae
826 1374 944 1429 nostrae
967 1368 1081 1446 dicunt,
1110 1388 1174 1429 cnm
1197 1388 1261 1430 esse
1284 1370 1420 1441 donum,

219 1473 362 1551 divinum,
392 1492 477 1534 nemo
507 1473 563 1533 erit
595 1472 664 1547 quin
693 1472 857 1532 consentiat
888 1473 925 1532 ad
953 1472 1021 1533 fidei
1050 1478 1185 1532 naturam
1215 1472 1308 1550 ipsam
1331 1491 1390 1533 non

218 1576 373 1654 pertinere,
393 1576 525 1636 sedasse
541 1575 769 1636 enuntiationem
784 1575 988 1651 syntheticam.
1019 1556 1124 1650 Atque
1132 1574 1156 1635 si
1172 1575 1247 1637 forte
1262 1575 1293 1635 in
1306 1592 1391 1652 prae·

219 1679 343 1740 dicando
366 1678 543 1756 aliquis'vel
565 1679 595 1738 in
618 1677 772 1739 scribendo
795 1677 893 1738 dicere
915 1677 1016 1756 audet,
1040 1677 1127 1738 fidem
1149 1696 1212 1738 esso
1240 1675 1306 1740 ciac
1331 1679 1391 1739 sitt-

219 1781 289 1844 tute
313 1777 392 1843 Tuas
411 1784 459 1842 vel
482 1782 543 1843 aare
569 1779 645 1867 Thai
667 1778 718 1842 des
745 1774 869 1861 Geistec,
892 1787 990 1842 tamen
1012 1781 1055 1841 ita
1077 1781 1160 1860 dicit,
1176 1786 1209 1841 ut
1223 1780 1296 1842 fides
1312 1786 1391 1842 certe

217 1905 270 1961 per
293 1904 357 1945 eum
379 1885 422 1944 ita
437 1884 588 1962 appellari,
610 1903 642 1944 re
664 1903 736 1945 vera
751 1889 848 1945 antem
863 1885 939 1945 actio
954 1901 1092 1946 essenon
1108 1884 1253 1945 videatur.
1298 1884 1391 1957 Quor-

218 2007 281 2049 sum
313 2007 383 2049 vero
414 1989 518 2049 notitia
548 1992 577 2047 et
606 1987 725 2065 fiducia,
757 2006 893 2064 quorsum
924 1984 1084 2050 Vertraucn
1113 1993 1143 2049 et
1166 1984 1334 2049 Ζτιυονείεήι
1361 1994 1393 2049 et

223 2088 449 2173 [Jebcrzcnpunp
479 2099 509 2151 et
536 2087 676 2172 Hinpcbe
706 2097 842 2168 spectant
870 2091 926 2151 nisi
956 2092 995 2151 ad
1024 2091 1155 2153 actiones
1185 2093 1351 2154 humanas?
1364 2088 1391 2176 ¹)

218 2195 346 2273 Timide,
369 2195 426 2255 nisi
446 2195 545 2273 fallor,
569 2199 599 2255 et
620 2195 779 2272 prudenter
800 2195 822 2254 ii
844 2195 892 2271 qui
914 2199 1033 2256 nostrae
1056 2195 1284 2257 adnumerantur
1299 2197 1391 2256 eccle·

218 2299 280 2361 siae
302 2317 394 2375 genus
416 2298 489 2358 illud
503 2299 664 2375 proximum
679 2303 821 2375 tangunt3
851 2316 918 2358 num
935 2316 990 2375 ego
999 2299 1067 2376 jure
1083 2316 1169 2359 ausus
1184 2298 1237 2359 sim
1251 2299 1391 2378 proferre,

214 2404 349 2483 judicent
379 2421 500 2478 quorum
531 2406 585 2462 est.
637 2401 714 2463 Satis
743 2401 813 2461 mihi
842 2402 947 2463 fecisse
977 2401 1113 2481 videbor,
1144 2403 1169 2462 si
1198 2422 1291 2480 genus
1318 2392 1394 2465 iilud

217 2508 387 2586 proximum
412 2511 491 2567 recte
525 2506 635 2566 dixero.
685 2506 762 2579 Quia
795 2505 870 2566 enim
903 2506 940 2566 de
973 2505 1097 2566 veritate
1138 2506 1249 2585 agitur,
1284 2505 1393 2581 aliquid

217 2610 376 2689 proiecisse
391 2630 445 2671 nos
461 2609 632 2671 existimabo
647 2615 699 2669 aut
712 2615 794 2670 recta
809 2609 976 2670 definitione
991 2610 1104 2686 prolata
1119 2615 1170 2669 aut
1184 2609 1258 2670 falsa
1271 2610 1392 2688 rejecta,

219 2714 354 2791 quoniam
381 2732 468 2789 quum
495 2714 611 2774 omnino
633 2720 694 2774 turn
716 2713 746 2773 in
773 2713 922 2789 theologia
944 2712 1031 2773 elaris
1053 2716 1083 2772 et
1099 2712 1243 2773 distinctis
1259 2732 1331 2790 opus
1347 2719 1394 2775 est

218 2817 393 2879 notionibus.

303 2923 348 2982 Dc
371 2937 461 2982 causa
476 2939 546 2983 vero
555 2964 563 2998 ‚
587 2938 639 2980 cur
652 2919 746 2979 timidi
761 2919 819 2980 sint
834 2919 986 2980 christiani
1001 2920 1164 2997 evangelici
1182 2920 1212 2979 in
1228 2920 1394 2982 definienda
1428 2934 1432 2939 ’
1509 2906 1511 2919 ⁴

217 3024 275 3085 fide
297 3032 434 3098 tanquam
450 3023 565 3084 actione
584 3025 719 3099 humana,
742 3028 857 3099 egomet
878 3042 937 3083 non
960 3024 1071 3084 dubito.
1116 3025 1226 3084 Paulus
1242 3025 1393 3101 apostolus

218 3146 328 3188 summo
353 3128 420 3204 jure
442 3127 521 3187 viam
550 3125 740 3204 praescripsit
761 3126 912 3186 doctrinae
935 3126 1138 3205 evangelicae,
1167 3148 1252 3204 quarn
1274 3134 1392 3190 secutus

217 3231 364 3290 Luthcrus
386 3230 588 3291 resistentibus
602 3229 764 3290 Pontificiis
783 3229 907 3306 gratiam
923 3229 1052 3290 divinam
1066 3232 1217 3307 praeclare
1233 3233 1393 3293 celebravit

218 3332 459 3411 praedicavitque
499 3333 585 3395 fidem
614 3352 673 3394 non
695 3351 760 3393 esse
789 3352 862 3411 opus
897 3334 981 3410 legis.
996 3329 1023 3416 ²)
1075 3332 1161 3405 Quod
1193 3334 1260 3409 quia
1289 3336 1392 3397 firmis·

218 3436 290 3498 sime
306 3440 335 3496 ot
357 3436 467 3513 optime
486 3442 643 3498 tenuerunt
665 3437 695 3497 in
717 3437 813 3498 animo
837 3436 887 3514 qui
902 3437 968 3499 illos
983 3437 1076 3499 secuti
1091 3445 1171 3517 sunt,
1189 3457 1224 3499 eo
1240 3438 1311 3516 quid
1325 3458 1392 3501 non

308 3676 327 3744 ¹)
347 3677 388 3732 cf.
409 3673 569 3746 pracsertim
590 3674 759 3744 (irritandum,
778 3676 794 3729 l.
813 3677 830 3730 l.
845 3695 871 3743 p.
892 3674 986 3730 350ss.
1010 3695 1031 3729 c.
1050 3680 1189 3744 Rosciana,
1207 3675 1392 3743 Sodrsfldcwes'r,

219 3764 296 3831 1857,
315 3765 337 3830 I,
356 3761 408 3815 581
415 3781 449 3815 aa,
489 3761 641 3828 Ydomnsius,
658 3761 935 3833 DogmenpcscdicdieI,
957 3782 989 3829 p:
1003 3760 1027 3816 3.
1042 3761 1122 3815 412.
1141 3762 1176 3831 Π,
1191 3781 1218 3829 p.
1232 3760 1296 3815 224.
1332 3762 1392 3813 Lut-

217 3852 301 3917 dnrdt,
319 3850 398 3901 Lokra
415 3867 465 3899 corn
485 3850 561 3906 freden
584 3846 770 3914 Willen‚1863,
784 3868 810 3914 p.
824 3847 906 3903 464⁸.
942 3848 1063 3915 Philippi,
1079 3847 1268 3913 Glonbenaledrc,
1280 3847 1302 3901 Ι.
1316 3845 1393 3916 1864,

212 3957 240 4006 p.
270 3938 344 3992 49³⁸.
391 3936 500 4000 Kanna,
530 3933 673 4001 Doqnaan'lc,
705 3935 728 4005 J,
751 3954 778 4000 p.
808 3935 860 3987 106
870 3954 904 3990 ss.
930 3934 974 4001 ΙΙ,Ἰ
998 3933 1056 3986 222
1071 3954 1112 4002 aa,
1144 3934 1303 4004 praesertim
1328 3932 1392 3986 251:
1421 4001 1424 4004 ἢ

217 4025 254 4076 Ist
281 4025 328 4074 das
351 4023 474 4075 Vendienot
498 4021 683 4090 abycscdns'tien,
709 4040 735 4072 so
754 4023 818 4089 sn'llt
844 4024 905 4074 aucit
934 4024 981 4074 dos
998 4023 1114 4074 Interesse
1142 4040 1204 4091 weg,
1229 4021 1326 4073 wckdcs
1351 4021 1395 4072 der

218 4112 358 4163 lethernacho
383 4109 575 4175 Aapnatim'smua
601 4108 677 4177 douc,
702 4127 777 4175 yepes
803 4111 840 4160 ern
866 4110 966 4176 iddtiqes
993 4110 1119 4161 Vardolten
1145 4126 1174 4159 zu
1196 4109 1342 4174 promtum.
1359 4137 1394 4147 -

219 4194 240 4264 ¹)
258 4196 298 4252 Gi.
317 4196 479 4248 Mednmtom's
496 4194 694 4251 institutionem
710 4193 739 4249 in
757 4195 899 4265 epistotam
916 4196 995 4250 Pauli
1013 4196 1049 4250 ad
1065 4194 1202 4252 Romanos
1221 4193 1309 4263 (Gorp.
1331 4194 1392 4249 ser.

217 4290 237 4339 t.
256 4283 307 4349 21),
326 4282 342 4352 ἓ
361 4282 406 4349 1ος
433 4282 574 4348 Herlinpcr,
606 4281 729 4348 Tdeolopic
757 4282 945 4351 Melancutom,
972 4281 1048 4348 1879,
1072 4301 1098 4348 p.
1129 4282 1180 4345 5³,-
1207 4280 1335 4331 Lattmann
1357 4281 1393 4335 ad

220 4369 279 4426 Gal.
298 4368 381 4438 2,16.
