3050 4848
605 312 817 369 ..49-

128 486 216 544 solam
245 490 370 544 revocat.
419 482 475 542 Sed
508 488 669 542 teneamus:
703 482 779 542 fere
813 483 911 541 solnm.
962 481 1033 541 Sunt
1064 482 1137 541 duae
1169 482 1298 542 ueritatis

125 596 223 663 partes
240 605 308 662 quas
327 586 446 644 difficile
469 592 513 644 est
536 603 710 658 cognoscere
733 592 763 644 et
785 587 971 659 conjungere:
994 587 1181 646 antinomiam
1205 586 1297 645 denuo

126 693 301 752 invenimus.
316 692 416 748 Noluit
431 690 537 748 Paulus
549 689 627 747 trullo
639 688 723 747 modo
735 689 789 748 sibi
801 688 1002 749 contradicens
1014 689 1114 763 videri,
1131 695 1162 748 ut
1174 695 1299 763 systema

128 796 251 853 voluerit
274 801 373 852 tenere
396 794 508 851 etiamsi
533 794 640 851 veritas
659 795 721 866 ipsa
740 799 855 870 pereat3
880 793 949 852 nihil
970 794 1030 865 ejus
1045 791 1204 864 referebat,
1227 793 1299 851 etms

129 899 215 955 aliam
230 899 360 955 veritatis
375 900 488 968 partem
510 897 664 970 praecipue
685 895 888 968 demonstrari,
914 901 947 954 ut
966 896 1079 953 nonnisi
1102 895 1212 954 duabus
1232 911 1299 954 con-

125 1001 233 1072 junctis
254 999 381 1073 partibus
397 1004 460 1056 tota
474 999 581 1056 veritas
597 1003 760 1072 appareret.
771 997 794 1074 1)
817 1000 879 1071 Qua
899 1016 931 1057 re
946 1015 1004 1056 uon
1019 998 1113 1057 habeo
1129 1014 1180 1057 cnr
1196 998 1300 1073 dicam,

118 1108 249 1176 propter
270 1102 338 1161 fidei
360 1104 505 1160 notionem
528 1101 579 1159 has
600 1103 738 1175 epistolas
753 1118 771 1159 a
787 1103 876 1161 Paulo
899 1100 1021 1175 scriptas
1044 1119 1105 1160 esse
1128 1118 1184 1181 non
1207 1119 1300 1176 posse.

215 1207 349 1264 Ceterum
379 1206 464 1263 etiam
493 1206 522 1262 in
549 1205 592 1261 his
617 1204 706 1263 tribus
730 1211 759 1262 et
781 1206 887 1263 ultimis
910 1207 1038 1279 epistolis
1060 1204 1128 1263 fidei
1149 1206 1200 1264 illa
1220 1205 1301 1264 notio

129 1310 346 1368 fundamentum
369 1314 413 1367 est
434 1310 521 1365 totins
544 1308 799 1367 demonstrationis
822 1309 1002 1382 omniumque
1025 1310 1241 1383 postulatorum.

214 1414 308 1471 Locus
331 1412 497 1485 principalis
520 1417 564 1470 est
586 1412 641 1470 Tit.
658 1413 685 1483 3,
709 1412 809 1495 4·.·8·
854 1412 930 1471 Deus
953 1413 994 1470 ibi
1017 1412 1179 1485 appellatur
1202 1407 1301 1493 σωτήρ

129 1535 154 1574 ν.
171 1516 210 1587 4.,
233 1517 299 1588 quia
318 1510 426 1577 ἔσωσεν
440 1508 523 1595 ἡμᾶς
538 1509 592 1575 οῦκ
607 1509 639 1588 ἐξ
655 1509 746 1594 ἔργων
760 1515 817 1575 τῶν
832 1513 862 1576 ἐν
878 1510 1050 1594 δικαιοσύνῃ
1066 1502 1103 1575 ὧν
1119 1510 1301 1597 ἐποιήσαμεν

129 1614 230 1702 ἡμεῖς,
255 1619 306 1678 sed
328 1613 412 1679 κατὰ
432 1612 467 1678 τὸ
491 1613 582 1679 αὐτοῦ
605 1613 701 1692 ἔλεος,
730 1620 840 1677 scilicet
862 1613 912 1679 διὰ
933 1619 1054 1700 λουτροῦ
1076 1601 1303 1699 παλιγγενεσίας

129 1718 183 1784 καὶ
200 1716 427 1793 ἀνακαινώσεως
445 1716 614 1802 πνεύματος
626 1714 709 1801 ἁγίον
720 1721 785 1782 κτλ.
814 1721 976 1795 Opponitur
990 1724 1081 1794 igitur
1092 1738 1163 1795 opus
1176 1721 1303 1780 divinum

130 1825 263 1900 operibus
280 1827 385 1883 nostris
405 1818 507 1905 (ἡμεῖς
523 1824 553 1881 in
568 1823 625 1882 fine
635 1825 839 1897 propositionis
850 1819 998 1906 asgotum:
1013 1841 1070 1882 non
1085 1827 1206 1883 salutem
1221 1825 1303 1885 nobis

132 1924 211 1982 dedit
227 1927 328 1999 talem,
351 1928 443 1999 qua-lis
465 1945 501 1985 en
523 1927 660 2000 operibus
675 1928 790 2000 anobis
804 1928 977 1998 iuJustitiae
992 1932 1070 1986 statu
1085 1926 1168 1987 factis
1183 1931 1303 1991 oriatur.

130 2029 232 2101 Neque
253 2030 369 2087 dicitis
390 2032 437 2103 qui
452 2031 579 2102 scripsit,
601 2047 633 2089 re
656 2047 727 2089 vera
749 2047 827 2089 esse
849 2031 989 2103 ejusmodi
1009 2031 1149 2102 justitiam
1164 2033 1208 2090 vel
1228 2032 1303 2102 eiua-

131 2133 206 2189 modi
229 2149 329 2206 opera,
353 2133 493 2206 siqnidem
517 2135 603 2191 etiam
625 2133 875 2205 pronuntiantibus
890 2133 973 2191 nobis
994 2134 1250 2192 contradictionem
1272 2137 1303 2195 in

130 2235 244 2307 adjecto
263 2237 354 2294 inhis
376 2235 471 2294 verbis
491 2236 585 2294 inesse
601 2238 700 2293 statim
714 2242 844 2310 apparet,
868 2237 918 2294 sed
930 2239 1018 2309 ponit,
1044 2238 1190 2295 utstatim
1205 2237 1302 2317 tollat3

131 2341 242 2397 etiamsi
257 2339 449 2412 assentantis
462 2338 598 2411 operibus
611 2340 733 2398 salutem
743 2345 841 2399 tamen
852 2346 940 2413 negat
951 2346 1156 2412 proventuram
1168 2355 1239 2413 esse,
1251 2341 1303 2399 sed

131 2459 167 2499 ex
179 2444 273 2514 gratia
288 2443 343 2501 Dei
360 2443 430 2501 dicit
445 2442 596 2514 provenire
608 2459 658 2500 nos
673 2443 886 2516 regenerantis3
903 2458 987 2500 versu
1003 2446 1029 2505 7.
1042 2446 1169 2516 quamvis
1186 2443 1302 2502 difficile

132 2547 170 2602 sit
181 2546 218 2603 ad
231 2546 382 2627 dicendum
394 2544 535 2618 quomodo
544 2538 742 2618 ἀνακαίνωσις
751 2551 779 2602 ct
789 2541 942 2618 δικαίωσις
955 2546 1030 2604 inter
1042 2563 1073 2604 se
1085 2547 1260 2606 cohaereant
1266 2532 1302 2623 19’),

132 2654 229 2707 tamen
247 2650 307 2708 sine
323 2649 410 2706 dubio
425 2648 509 2706 homo
525 2649 630 2707 dicitur
646 2645 845 2728 δικαιωδῆναι
861 2648 908 2722 (cf.
924 2649 946 2706 Ι.
963 2649 1036 2710 Tim.
1053 2650 1088 2722 3,
1113 2652 1152 2708 16
1169 2656 1199 2709 et
1215 2667 1303 2725 supra

132 2768 198 2825 pag.
209 2750 295 2832 25s)
307 2753 326 2813 i.
338 2770 363 2811 e.
379 2752 409 2808 iu
425 2768 527 2810 novum
543 2757 649 2811 statum
664 2753 824 2826 transponi,
841 2757 871 2811 et
886 2753 971 2810 heres
988 2751 1052 2810 fieri
1064 2754 1159 2827 gratiis
1171 2755 1238 2831 Dei3
1255 2756 1304 2829 qui

129 2847 247 2927 quidem
278 2850 365 2936 λόγος
392 2856 496 2914 dicitur
517 2874 543 2915 v.
567 2856 596 2929 8,
619 2854 656 2916 of.
679 2857 702 2916 Ι,
718 2856 789 2916 Tim.
813 2857 838 2927 1,
864 2856 1013 2928 14-16,
1036 2857 1115 2914 locris
1136 2839 1303 2931 principalis

133 2957 280 3016 doctrinae
303 2959 488 3018 christianae.
533 2959 638 3030 Quodsi
664 2976 755 3032 opera
782 2959 907 3018 humana
925 2960 976 3018 bis
999 2961 1130 3033 epistolis
1152 2966 1300 3034 urgentur,

132 3067 273 3134 urgentur
301 3064 381 3121 salva
402 3062 457 3120 Dei
487 3062 583 3134 gratia
614 3067 644 3121 et
671 3063 786 3122 excluso
815 3064 892 3121 omni
918 3064 1022 3122 merito
1044 3064 1168 3122 hnmano
1191 3063 1226 3122 of.
1247 3062 1305 3125 Tit.

135 3166 163 3237 2,
190 3165 331 3224 11-14,
365 3166 422 3225 Sed
444 3181 508 3224 cum
529 3167 626 3240 gratia
648 3166 745 3224 divina
765 3166 866 3225 eodem
890 3183 975 3225 versu
989 3167 1017 3225 8.
1034 3169 1140 3240 optime
1159 3168 1307 3240 conjungi·

134 3274 180 3326 tur
210 3270 286 3327 actio
315 3271 445 3328 hnmana.
490 3269 644 3329 Christiani
674 3271 750 3328 anim
772 3268 908 3328 dicontur
929 3264 1173 3345 πεπιστευκότες,
1202 3271 1307 3344 quippe

133 3373 182 3443 qui
209 3373 322 3430 actione
351 3367 480 3443 πίστεως
506 3374 593 3431 semel
621 3370 698 3432 facta
725 3377 755 3432 et
781 3389 871 3446 usque
893 3374 923 3430 iu
945 3388 1084 3446 praesens
1106 3378 1218 3447 tompus
1240 3390 1306 3432 oon·

132 3476 244 3533 tinuata
272 3475 421 3532 christiani
444 3473 514 3532 faeti
536 3476 608 3533 sint:
640 3492 711 3548 opus
734 3476 822 3549 igitur
844 3476 984 3549 divinum,
1012 3470 1178 3537 sciliceta&
1202 3476 1305 3551 σῶσαι,

132 3572 153 3662 ἡ
166 3573 384 3659 παλιγγενεσία,
399 3572 609 3652 ἀνακαίνωσις,
632 3571 667 3639 τὸ
683 3577 822 3654 δικαιοῦν,
839 3595 897 3638 non
912 3585 1065 3653 separatur
1080 3578 1180 3638 afidei
1195 3581 1307 3638 actione

132 3681 269 3753 humana,
293 3681 328 3740 ci.
350 3683 372 3740 I.
388 3682 459 3740 Tim.
478 3683 503 3755 1,
529 3682 579 3753 14;
605 3683 631 3752 1,
658 3683 709 3740 15:
732 3677 882 3764 ἀποδοχή,
907 3684 935 3757 3,
961 3684 1013 3742 16;
1036 3678 1214 3764 ἐπιστεῦὶιη,
1240 3698 1306 3741 con·

133 3791 181 3843 tra
211 3782 247 3842 H.
274 3785 347 3846 Tim.
376 3784 410 3862 2,
443 3786 495 3842 13:
527 3781 553 3845 εἰ
584 3779 772 3865 ἀπιστοῦμεν.
826 3785 910 3845 Unde
940 3787 1048 3860 euenit,
1079 3791 1111 3845 ut
1139 3785 1308 3845 vocabulum

132 3882 262 3959 πίστεως
287 3888 455 3960 saepissime
480 3889 509 3945 io
536 3887 581 3945 his
607 3888 770 3948 inveniatur
799 3889 943 3965 epistoliS,
971 3887 1007 3948 of.
1029 3890 1051 3951 Ι.
1075 3890 1147 3949 Tim.
1174 3890 1205 3964 1,
1229 3890 1257 3949 2.
1279 3888 1308 3948 4.

134 4037 338 4050 Q

204 4139 224 4210 ¹)
243 4141 282 4198 Of.
298 4143 445 4207 Sciumann,
464 4141 516 4193 Der
533 4142 763 4209 weltpascln'cb'tlicde
775 4142 1061 4208 Entwiclcelonqsproccse
1078 4144 1103 4193 in
1120 4145 1198 4193 νείκεα
1210 4141 1307 4209 Haupt·

134 4240 257 4280 momentana
278 4233 339 4281 narb
361 4232 412 4280 dem
434 4230 584 4297 Ledrsyatem
606 4231 647 4279 der
672 4231 776 4294 Paulus,
801 4229 902 4294 Caeseld
922 4227 1005 4293 1875,
1026 4248 1055 4294 p.
1080 4228 1104 4281 4,
1123 4229 1148 4282 5.
1167 4258 1199 4269 —
1223 4226 1244 4298 ²)
1267 4228 1307 4283 of.

134 4314 265 4367 Hordeum
284 4317 318 4371 ad
336 4317 435 4371 locum.

185 4411 212 4453 G.
227 4412 460 4463 Schnedermann,
471 4414 503 4453 De
517 4412 566 4453 fidei
579 4414 665 4452 notione
675 4410 772 4453 Paulina.
1087 4402 1106 4456 4
