<?xml version="1.0" encoding="UTF-8"?>
<!DOCTYPE html PUBLIC "-//W3C//DTD XHTML 1.0 Transitional//EN"
    "http://www.w3.org/TR/xhtml1/DTD/xhtml1-transitional.dtd">
<html xmlns="http://www.w3.org/1999/xhtml" xml:lang="en" lang="en">
 <head>
  <title>
</title>
<meta http-equiv="Content-Type" content="text/html;charset=utf-8" />
  <meta name='ocr-system' content='tesseract 3.04.00' />
  <meta name='ocr-capabilities' content='ocr_page ocr_carea ocr_par ocr_line ocrx_word'/>
</head>
<body>
  <div class='ocr_page' id='page_1' title='image "./defideinotionee01schngoog_0063.png"; bbox 0 0 3050 4848; ppageno 0'>
   <div class='ocr_carea' id='block_1_1' title="bbox 709 302 921 363">
    <p class='ocr_par' dir='ltr' id='par_1_1' title="bbox 709 302 921 363">
     <span class='ocr_line' id='line_1_1' title="bbox 709 302 921 363; baseline -0.009 -18"><span class='ocrx_word' id='word_1_1' title='bbox 709 302 921 363; x_wconf 56' lang='lat'>„50-</span> 
     </span>
    </p>
   </div>
   <div class='ocr_carea' id='block_1_2' title="bbox 234 468 1520 544">
    <p class='ocr_par' dir='ltr' id='par_1_2' title="bbox 234 468 1520 544">
     <span class='ocr_line' id='line_1_2' title="bbox 234 468 1520 544; baseline 0.009 -18"><span class='ocrx_word' id='word_1_2' title='bbox 234 468 272 526; x_wconf 87' lang='lat'>18</span> <span class='ocrx_word' id='word_1_3' title='bbox 296 484 326 544; x_wconf 90' lang='lat' dir='ltr'>s.‚</span> <span class='ocrx_word' id='word_1_4' title='bbox 355 468 397 526; x_wconf 92' lang='lat' dir='ltr'>ita</span> <span class='ocrx_word' id='word_1_5' title='bbox 426 485 509 541; x_wconf 87' lang='lat' dir='ltr'>vero,</span> <span class='ocrx_word' id='word_1_6' title='bbox 539 473 571 527; x_wconf 91' lang='lat' dir='ltr'>nt</span> <span class='ocrx_word' id='word_1_7' title='bbox 601 470 788 544; x_wconf 77' lang='lat' dir='ltr'>principalem</span> <span class='ocrx_word' id='word_1_8' title='bbox 819 471 905 531; x_wconf 90' lang='lat' dir='ltr'>fidem</span> <span class='ocrx_word' id='word_1_9' title='bbox 934 471 1041 531; x_wconf 88' lang='lat' dir='ltr'>habere</span> <span class='ocrx_word' id='word_1_10' title='bbox 1071 473 1164 533; x_wconf 90' lang='lat' dir='ltr'>locum</span> <span class='ocrx_word' id='word_1_11' title='bbox 1194 492 1250 534; x_wconf 90' lang='lat' dir='ltr'>non</span> <span class='ocrx_word' id='word_1_12' title='bbox 1281 475 1403 536; x_wconf 86' lang='lat' dir='ltr'>difficile</span> <span class='ocrx_word' id='word_1_13' title='bbox 1519 490 1520 519; x_wconf 69' lang='lat'><em>³</em></span> 
     </span>
    </p>
   </div>
   <div class='ocr_carea' id='block_1_3' title="bbox 230 576 1403 1273">
    <p class='ocr_par' dir='ltr' id='par_1_3' title="bbox 231 576 430 643">
     <span class='ocr_line' id='line_1_3' title="bbox 231 576 430 643; baseline 0.025 -15"><span class='ocrx_word' id='word_1_14' title='bbox 231 576 430 643; x_wconf 78' lang='lat' dir='ltr'>cognoscatur.</span> 
     </span>
    </p>

    <p class='ocr_par' dir='ltr' id='par_1_4' title="bbox 230 675 1403 1273">
     <span class='ocr_line' id='line_1_4' title="bbox 315 675 1403 755; baseline 0.006 -21"><span class='ocrx_word' id='word_1_15' title='bbox 315 675 403 735; x_wconf 80' lang='lat' dir='ltr'>Fides</span> <span class='ocrx_word' id='word_1_16' title='bbox 430 692 486 735; x_wconf 92' lang='lat' dir='ltr'>non</span> <span class='ocrx_word' id='word_1_17' title='bbox 513 682 609 750; x_wconf 89' lang='lat' dir='ltr'>potest</span> <span class='ocrx_word' id='word_1_18' title='bbox 636 694 698 736; x_wconf 92' lang='lat' dir='ltr'>esse</span> <span class='ocrx_word' id='word_1_19' title='bbox 722 679 783 737; x_wconf 91' lang='lat' dir='ltr'>sine</span> <span class='ocrx_word' id='word_1_20' title='bbox 806 680 968 753; x_wconf 83' lang='lat' dir='ltr'>cognitione</span> <span class='ocrx_word' id='word_1_21' title='bbox 991 681 1126 753; x_wconf 79' lang='lat' dir='ltr'>quadam3</span> <span class='ocrx_word' id='word_1_22' title='bbox 1156 683 1251 755; x_wconf 83' lang='lat' dir='ltr'>agitur</span> <span class='ocrx_word' id='word_1_23' title='bbox 1274 683 1348 741; x_wconf 92' lang='lat' dir='ltr'>enim</span> <span class='ocrx_word' id='word_1_24' title='bbox 1371 684 1403 741; x_wconf 91' lang='lat' dir='ltr'>in</span> 
     </span>
     <span class='ocr_line' id='line_1_5' title="bbox 230 778 1403 859; baseline 0.008 -23"><span class='ocrx_word' id='word_1_25' title='bbox 230 778 286 837; x_wconf 84' lang='lat' dir='ltr'>fide</span> <span class='ocrx_word' id='word_1_26' title='bbox 314 779 349 838; x_wconf 90' lang='lat' dir='ltr'>de</span> <span class='ocrx_word' id='word_1_27' title='bbox 382 780 504 841; x_wconf 87' lang='lat' dir='ltr'>veritate</span> <span class='ocrx_word' id='word_1_28' title='bbox 534 781 749 854; x_wconf 88' lang='lat' dir='ltr'>cognoscenda:</span> <span class='ocrx_word' id='word_1_29' title='bbox 780 780 852 841; x_wconf 90' lang='lat' dir='ltr'>fides</span> <span class='ocrx_word' id='word_1_30' title='bbox 883 784 957 841; x_wconf 90' lang='lat' dir='ltr'>actio</span> <span class='ocrx_word' id='word_1_31' title='bbox 990 789 1034 841; x_wconf 90' lang='lat' dir='ltr'>est</span> <span class='ocrx_word' id='word_1_32' title='bbox 1063 784 1185 844; x_wconf 91' lang='lat' dir='ltr'>hominis</span> <span class='ocrx_word' id='word_1_33' title='bbox 1215 787 1403 859; x_wconf 84' lang='lat' dir='ltr'>intelligentis</span> 
     </span>
     <span class='ocr_line' id='line_1_6' title="bbox 230 879 1402 967; baseline 0.008 -27"><span class='ocrx_word' id='word_1_34' title='bbox 230 881 265 941; x_wconf 85' lang='lat' dir='ltr'>cf.</span> <span class='ocrx_word' id='word_1_35' title='bbox 293 883 316 946; x_wconf 85' lang='grc' dir='ltr'>Ι.</span> <span class='ocrx_word' id='word_1_36' title='bbox 345 883 416 943; x_wconf 88' lang='lat' dir='ltr'>Tim.</span> <span class='ocrx_word' id='word_1_37' title='bbox 445 884 477 955; x_wconf 99' lang='grc'>2,</span> <span class='ocrx_word' id='word_1_38' title='bbox 510 884 573 941; x_wconf 85' lang='grc' dir='ltr'>4ε.</span> <span class='ocrx_word' id='word_1_39' title='bbox 626 884 732 955; x_wconf 78' lang='lat' dir='ltr'>Quodsi</span> <span class='ocrx_word' id='word_1_40' title='bbox 761 880 859 957; x_wconf 80' lang='grc' dir='ltr'>πίστις</span> <span class='ocrx_word' id='word_1_41' title='bbox 894 892 924 944; x_wconf 91' lang='lat' dir='ltr'>et</span> <span class='ocrx_word' id='word_1_42' title='bbox 954 879 1087 967; x_wconf 67' lang='grc' dir='ltr'>ἀληῖιεια</span> <span class='ocrx_word' id='word_1_43' title='bbox 1122 889 1333 962; x_wconf 87' lang='lat' dir='ltr'>conjunguntur</span> <span class='ocrx_word' id='word_1_44' title='bbox 1363 891 1402 949; x_wconf 91' lang='lat' dir='ltr'>ib.</span> 
     </span>
     <span class='ocr_line' id='line_1_7' title="bbox 230 984 1403 1069; baseline 0.006 -25"><span class='ocrx_word' id='word_1_45' title='bbox 230 1004 255 1045; x_wconf 86' lang='lat' dir='ltr'>v.</span> <span class='ocrx_word' id='word_1_46' title='bbox 281 986 318 1060; x_wconf 82' lang='grc'>7.,</span> <span class='ocrx_word' id='word_1_47' title='bbox 350 985 495 1045; x_wconf 89' lang='lat' dir='ltr'>Hutherus</span> <span class='ocrx_word' id='word_1_48' title='bbox 526 986 599 1045; x_wconf 89' lang='lat' dir='ltr'>bene</span> <span class='ocrx_word' id='word_1_49' title='bbox 625 987 704 1046; x_wconf 88' lang='lat' dir='ltr'>illam</span> <span class='ocrx_word' id='word_1_50' title='bbox 727 986 807 1063; x_wconf 85' lang='lat' dir='ltr'>„dos</span> <span class='ocrx_word' id='word_1_51' title='bbox 835 985 984 1069; x_wconf 74' lang='lat' dir='ltr'>subjective</span> <span class='ocrx_word' id='word_1_52' title='bbox 1007 984 1194 1064; x_wconf 78' lang='lat' dir='ltr'>Verdolteu“,</span> <span class='ocrx_word' id='word_1_53' title='bbox 1222 992 1296 1051; x_wconf 89' lang='lat' dir='ltr'>hanc</span> <span class='ocrx_word' id='word_1_54' title='bbox 1322 991 1403 1066; x_wconf 82' lang='lat' dir='ltr'>„dos</span> 
     </span>
     <span class='ocr_line' id='line_1_8' title="bbox 231 1082 1402 1171; baseline 0.005 -23"><span class='ocrx_word' id='word_1_55' title='bbox 231 1086 364 1171; x_wconf 77' lang='lat' dir='ltr'>objectiva</span> <span class='ocrx_word' id='word_1_56' title='bbox 390 1082 473 1149; x_wconf 81' lang='lat' dir='ltr'>Gat“</span> <span class='ocrx_word' id='word_1_57' title='bbox 497 1105 560 1147; x_wconf 90' lang='lat' dir='ltr'>esse</span> <span class='ocrx_word' id='word_1_58' title='bbox 583 1090 697 1165; x_wconf 84' lang='lat' dir='ltr'>scribit,</span> <span class='ocrx_word' id='word_1_59' title='bbox 720 1091 743 1148; x_wconf 89' lang='lat' dir='ltr'>si</span> <span class='ocrx_word' id='word_1_60' title='bbox 766 1091 881 1164; x_wconf 89' lang='lat' dir='ltr'>quidem</span> <span class='ocrx_word' id='word_1_61' title='bbox 902 1110 927 1150; x_wconf 86' lang='lat' dir='ltr'>v.</span> <span class='ocrx_word' id='word_1_62' title='bbox 954 1094 1001 1154; x_wconf 83' lang='lat'>15.</span> <span class='ocrx_word' id='word_1_63' title='bbox 1032 1093 1067 1151; x_wconf 83' lang='lat' dir='ltr'>ci.</span> <span class='ocrx_word' id='word_1_64' title='bbox 1092 1095 1119 1170; x_wconf 96' lang='lat'>4,</span> <span class='ocrx_word' id='word_1_65' title='bbox 1146 1094 1197 1165; x_wconf 90' lang='grc'>12;</span> <span class='ocrx_word' id='word_1_66' title='bbox 1219 1096 1255 1153; x_wconf 90' lang='grc' dir='ltr'>ΙΙ.</span> <span class='ocrx_word' id='word_1_67' title='bbox 1278 1096 1349 1155; x_wconf 91' lang='lat' dir='ltr'>Tim.</span> <span class='ocrx_word' id='word_1_68' title='bbox 1375 1098 1402 1168; x_wconf 92' lang='grc'>1,</span> 
     </span>
     <span class='ocr_line' id='line_1_9' title="bbox 233 1190 1402 1273; baseline 0.004 -23"><span class='ocrx_word' id='word_1_69' title='bbox 233 1194 284 1263; x_wconf 88' lang='grc'>13;</span> <span class='ocrx_word' id='word_1_70' title='bbox 310 1194 337 1268; x_wconf 94' lang='grc'>2,</span> <span class='ocrx_word' id='word_1_71' title='bbox 362 1193 418 1270; x_wconf 73' lang='lat' dir='ltr'>aa,</span> <span class='ocrx_word' id='word_1_72' title='bbox 442 1193 470 1264; x_wconf 85' lang='lat'>3,</span> <span class='ocrx_word' id='word_1_73' title='bbox 495 1193 533 1250; x_wconf 95' lang='grc'>10</span> <span class='ocrx_word' id='word_1_74' title='bbox 556 1190 627 1251; x_wconf 89' lang='lat' dir='ltr'>fides</span> <span class='ocrx_word' id='word_1_75' title='bbox 650 1210 714 1252; x_wconf 90' lang='lat' dir='ltr'>cnm</span> <span class='ocrx_word' id='word_1_76' title='bbox 736 1194 800 1253; x_wconf 88' lang='lat' dir='ltr'>aliis</span> <span class='ocrx_word' id='word_1_77' title='bbox 822 1197 983 1255; x_wconf 85' lang='lat' dir='ltr'>actionibus</span> <span class='ocrx_word' id='word_1_78' title='bbox 1006 1197 1218 1272; x_wconf 88' lang='lat' dir='ltr'>„subjectivis“</span> <span class='ocrx_word' id='word_1_79' title='bbox 1242 1200 1285 1257; x_wconf 88' lang='lat' dir='ltr'>vel</span> <span class='ocrx_word' id='word_1_80' title='bbox 1306 1201 1402 1273; x_wconf 90' lang='lat' dir='ltr'>potius</span> 
     </span>
    </p>
   </div>
   <div class='ocr_carea' id='block_1_4' title="bbox 227 1292 1520 1579">
    <p class='ocr_par' dir='ltr' id='par_1_5' title="bbox 227 1276 1520 1579">
     <span class='ocr_line' id='line_1_10' title="bbox 229 1292 1399 1384; baseline 0.008 -30"><span class='ocrx_word' id='word_1_81' title='bbox 229 1297 358 1355; x_wconf 90' lang='lat' dir='ltr'>humanis</span> <span class='ocrx_word' id='word_1_82' title='bbox 374 1296 563 1370; x_wconf 78' lang='lat' dir='ltr'>coniungitur,</span> <span class='ocrx_word' id='word_1_83' title='bbox 584 1297 694 1356; x_wconf 89' lang='lat' dir='ltr'>scilicet</span> <span class='ocrx_word' id='word_1_84' title='bbox 710 1314 773 1356; x_wconf 90' lang='lat' dir='ltr'>cum</span> <span class='ocrx_word' id='word_1_85' title='bbox 788 1292 893 1379; x_wconf 81' lang='grc' dir='ltr'>ἀγάπῃ</span> <span class='ocrx_word' id='word_1_86' title='bbox 910 1305 940 1357; x_wconf 89' lang='lat' dir='ltr'>et</span> <span class='ocrx_word' id='word_1_87' title='bbox 954 1293 1093 1384; x_wconf 81' lang='grc' dir='ltr'>ἁγιασμῷ</span> <span class='ocrx_word' id='word_1_88' title='bbox 1107 1295 1187 1382; x_wconf 84' lang='grc' dir='ltr'>μετὰ</span> <span class='ocrx_word' id='word_1_89' title='bbox 1201 1297 1399 1384; x_wconf 75' lang='grc' dir='ltr'>σωφροσύνης.</span> 
     </span>
     <span class='ocr_line' id='line_1_11' title="bbox 227 1399 1520 1479; baseline 0.003 -22"><span class='ocrx_word' id='word_1_90' title='bbox 227 1400 298 1458; x_wconf 90' lang='lat' dir='ltr'>Inde</span> <span class='ocrx_word' id='word_1_91' title='bbox 325 1401 410 1458; x_wconf 91' lang='lat' dir='ltr'>etiam</span> <span class='ocrx_word' id='word_1_92' title='bbox 437 1399 492 1458; x_wconf 87' lang='lat' dir='ltr'>hoo</span> <span class='ocrx_word' id='word_1_93' title='bbox 514 1406 648 1473; x_wconf 90' lang='lat' dir='ltr'>apparet,</span> <span class='ocrx_word' id='word_1_94' title='bbox 675 1417 733 1459; x_wconf 90' lang='lat' dir='ltr'>non</span> <span class='ocrx_word' id='word_1_95' title='bbox 759 1403 846 1461; x_wconf 88' lang='lat' dir='ltr'>solius</span> <span class='ocrx_word' id='word_1_96' title='bbox 872 1403 1047 1479; x_wconf 88' lang='lat' dir='ltr'>intellectus,</span> <span class='ocrx_word' id='word_1_97' title='bbox 1078 1405 1128 1463; x_wconf 90' lang='lat' dir='ltr'>sed</span> <span class='ocrx_word' id='word_1_98' title='bbox 1155 1406 1244 1463; x_wconf 91' lang='lat' dir='ltr'>totius</span> <span class='ocrx_word' id='word_1_99' title='bbox 1272 1405 1402 1476; x_wconf 88' lang='lat' dir='ltr'>hominis,</span> <span class='ocrx_word' id='word_1_100' title='bbox 1519 1432 1520 1461; x_wconf 49' lang='grc' dir='ltr'>ν</span> 
     </span>
     <span class='ocr_line' id='line_1_12' title="bbox 228 1504 1520 1579; baseline 0.004 -17"><span class='ocrx_word' id='word_1_101' title='bbox 228 1505 383 1578; x_wconf 88' lang='lat' dir='ltr'>praecipue</span> <span class='ocrx_word' id='word_1_102' title='bbox 410 1509 505 1562; x_wconf 90' lang='lat' dir='ltr'>autem</span> <span class='ocrx_word' id='word_1_103' title='bbox 533 1504 698 1577; x_wconf 90' lang='lat' dir='ltr'>voluntatis,</span> <span class='ocrx_word' id='word_1_104' title='bbox 731 1520 793 1563; x_wconf 89' lang='lat' dir='ltr'>eam</span> <span class='ocrx_word' id='word_1_105' title='bbox 822 1522 885 1564; x_wconf 91' lang='lat' dir='ltr'>esse</span> <span class='ocrx_word' id='word_1_106' title='bbox 911 1508 1069 1579; x_wconf 79' lang='lat' dir='ltr'>actionem,</span> <span class='ocrx_word' id='word_1_107' title='bbox 1098 1507 1401 1579; x_wconf 68' lang='lat' dir='ltr'>unianimam,</span> <span class='ocrx_word' id='word_1_108' title='bbox 1519 1572 1520 1575; x_wconf 48' lang='lat'>,</span> 
     </span>
    </p>
   </div>
   <div class='ocr_carea' id='block_1_5' title="bbox 227 1607 1404 1990">
    <p class='ocr_par' dir='ltr' id='par_1_6' title="bbox 227 1607 1404 1898">
     <span class='ocr_line' id='line_1_13' title="bbox 228 1607 1400 1691; baseline 0.005 -26"><span class='ocrx_word' id='word_1_109' title='bbox 228 1624 321 1681; x_wconf 88' lang='lat' dir='ltr'>neque</span> <span class='ocrx_word' id='word_1_110' title='bbox 348 1609 431 1665; x_wconf 89' lang='lat' dir='ltr'>simul</span> <span class='ocrx_word' id='word_1_111' title='bbox 457 1614 486 1666; x_wconf 87' lang='lat' dir='ltr'>et</span> <span class='ocrx_word' id='word_1_112' title='bbox 515 1607 601 1681; x_wconf 90' lang='lat' dir='ltr'>incipi</span> <span class='ocrx_word' id='word_1_113' title='bbox 628 1611 656 1666; x_wconf 88' lang='lat' dir='ltr'>et</span> <span class='ocrx_word' id='word_1_114' title='bbox 681 1607 770 1684; x_wconf 88' lang='lat' dir='ltr'>finiri,</span> <span class='ocrx_word' id='word_1_115' title='bbox 797 1610 847 1667; x_wconf 89' lang='lat' dir='ltr'>sed</span> <span class='ocrx_word' id='word_1_116' title='bbox 871 1610 978 1668; x_wconf 88' lang='lat' dir='ltr'>debere</span> <span class='ocrx_word' id='word_1_117' title='bbox 1001 1610 1100 1669; x_wconf 88' lang='lat' dir='ltr'>fideles</span> <span class='ocrx_word' id='word_1_118' title='bbox 1123 1609 1218 1691; x_wconf 86' lang='grc' dir='ltr'>με’νειν</span> <span class='ocrx_word' id='word_1_119' title='bbox 1241 1609 1270 1673; x_wconf 80' lang='grc' dir='ltr'>ἐν</span> <span class='ocrx_word' id='word_1_120' title='bbox 1292 1608 1400 1685; x_wconf 83' lang='grc' dir='ltr'>πίστει,</span> 
     </span>
     <span class='ocr_line' id='line_1_14' title="bbox 227 1707 1404 1795; baseline 0.003 -25"><span class='ocrx_word' id='word_1_121' title='bbox 227 1712 250 1772; x_wconf 89' lang='grc' dir='ltr'>Ι.</span> <span class='ocrx_word' id='word_1_122' title='bbox 267 1712 338 1769; x_wconf 88' lang='lat' dir='ltr'>Tim.</span> <span class='ocrx_word' id='word_1_123' title='bbox 355 1712 382 1783; x_wconf 90' lang='grc'>2,</span> <span class='ocrx_word' id='word_1_124' title='bbox 408 1711 445 1769; x_wconf 87' lang='grc'>15</span> <span class='ocrx_word' id='word_1_125' title='bbox 470 1709 504 1769; x_wconf 87' lang='lat' dir='ltr'>cf.</span> <span class='ocrx_word' id='word_1_126' title='bbox 521 1712 549 1787; x_wconf 89' lang='grc'>4,</span> <span class='ocrx_word' id='word_1_127' title='bbox 575 1711 604 1782; x_wconf 77' lang='lat' dir='ltr'>l,</span> <span class='ocrx_word' id='word_1_128' title='bbox 633 1713 659 1785; x_wconf 84' lang='lat'>6,</span> <span class='ocrx_word' id='word_1_129' title='bbox 685 1712 802 1782; x_wconf 87' lang='grc'>11.12;</span> <span class='ocrx_word' id='word_1_130' title='bbox 825 1714 854 1786; x_wconf 89' lang='lat'>4,</span> <span class='ocrx_word' id='word_1_131' title='bbox 879 1714 926 1773; x_wconf 82' lang='lat'>17.</span> <span class='ocrx_word' id='word_1_132' title='bbox 960 1714 1005 1773; x_wconf 85' lang='lat' dir='ltr'>Er</span> <span class='ocrx_word' id='word_1_133' title='bbox 1027 1713 1082 1772; x_wconf 90' lang='lat' dir='ltr'>fide</span> <span class='ocrx_word' id='word_1_134' title='bbox 1105 1717 1238 1786; x_wconf 88' lang='lat' dir='ltr'>provenit</span> <span class='ocrx_word' id='word_1_135' title='bbox 1258 1707 1404 1795; x_wconf 81' lang='grc' dir='ltr'>ὁμολογία</span> 
     </span>
     <span class='ocr_line' id='line_1_15' title="bbox 229 1810 1217 1898; baseline 0.002 -26"><span class='ocrx_word' id='word_1_136' title='bbox 229 1814 272 1891; x_wconf 88' lang='grc'>(6,</span> <span class='ocrx_word' id='word_1_137' title='bbox 297 1815 336 1875; x_wconf 89' lang='grc'>12</span> <span class='ocrx_word' id='word_1_138' title='bbox 359 1815 407 1890; x_wconf 85' lang='lat' dir='ltr'>al.)</span> <span class='ocrx_word' id='word_1_139' title='bbox 430 1815 488 1873; x_wconf 91' lang='lat' dir='ltr'>oris</span> <span class='ocrx_word' id='word_1_140' title='bbox 511 1830 608 1873; x_wconf 90' lang='lat' dir='ltr'>coram</span> <span class='ocrx_word' id='word_1_141' title='bbox 630 1815 752 1873; x_wconf 87' lang='lat' dir='ltr'>testibus</span> <span class='ocrx_word' id='word_1_142' title='bbox 774 1819 804 1875; x_wconf 88' lang='lat' dir='ltr'>et</span> <span class='ocrx_word' id='word_1_143' title='bbox 824 1810 920 1897; x_wconf 78' lang='grc' dir='ltr'>πολλὴ</span> <span class='ocrx_word' id='word_1_144' title='bbox 942 1813 1094 1898; x_wconf 76' lang='grc' dir='ltr'>παρρησία</span> <span class='ocrx_word' id='word_1_145' title='bbox 1117 1819 1144 1891; x_wconf 95' lang='grc'>3,</span> <span class='ocrx_word' id='word_1_146' title='bbox 1169 1819 1217 1875; x_wconf 92' lang='grc'>31.</span> 
     </span>
    </p>

    <p class='ocr_par' dir='ltr' id='par_1_7' title="bbox 313 1916 1403 1990">
     <span class='ocr_line' id='line_1_16' title="bbox 313 1916 1403 1990; baseline 0.002 -14"><span class='ocrx_word' id='word_1_147' title='bbox 313 1917 463 1990; x_wconf 87' lang='lat' dir='ltr'>Objectum</span> <span class='ocrx_word' id='word_1_148' title='bbox 495 1934 563 1978; x_wconf 88' lang='lat' dir='ltr'>vero</span> <span class='ocrx_word' id='word_1_149' title='bbox 597 1916 665 1976; x_wconf 89' lang='lat' dir='ltr'>fidei</span> <span class='ocrx_word' id='word_1_150' title='bbox 698 1925 742 1977; x_wconf 92' lang='lat' dir='ltr'>est</span> <span class='ocrx_word' id='word_1_151' title='bbox 775 1919 852 1978; x_wconf 88' lang='lat' dir='ltr'>Deus</span> <span class='ocrx_word' id='word_1_152' title='bbox 883 1937 955 1978; x_wconf 89' lang='lat' dir='ltr'>unas</span> <span class='ocrx_word' id='word_1_153' title='bbox 986 1925 1016 1977; x_wconf 90' lang='lat' dir='ltr'>et</span> <span class='ocrx_word' id='word_1_154' title='bbox 1046 1937 1117 1979; x_wconf 90' lang='lat' dir='ltr'>unus</span> <span class='ocrx_word' id='word_1_155' title='bbox 1148 1922 1289 1980; x_wconf 82' lang='lat' dir='ltr'>mediator</span> <span class='ocrx_word' id='word_1_156' title='bbox 1316 1920 1403 1980; x_wconf 87' lang='lat' dir='ltr'>Jesus</span> 
     </span>
    </p>
   </div>
   <div class='ocr_carea' id='block_1_6' title="bbox 230 2017 1520 2105">
    <p class='ocr_par' dir='ltr' id='par_1_8' title="bbox 230 2017 1520 2105">
     <span class='ocr_line' id='line_1_17' title="bbox 230 2017 1520 2105; baseline 0 -24"><span class='ocrx_word' id='word_1_157' title='bbox 230 2022 361 2081; x_wconf 83' lang='lat' dir='ltr'>Christus</span> <span class='ocrx_word' id='word_1_158' title='bbox 393 2023 416 2086; x_wconf 87' lang='grc' dir='ltr'>Ι.</span> <span class='ocrx_word' id='word_1_159' title='bbox 444 2023 516 2082; x_wconf 90' lang='lat' dir='ltr'>Tim.</span> <span class='ocrx_word' id='word_1_160' title='bbox 548 2023 580 2095; x_wconf 94' lang='grc'>2,</span> <span class='ocrx_word' id='word_1_161' title='bbox 613 2022 632 2079; x_wconf 90' lang='grc'>4</span> <span class='ocrx_word' id='word_1_162' title='bbox 661 2037 693 2095; x_wconf 88' lang='lat' dir='ltr'>s.‚</span> <span class='ocrx_word' id='word_1_163' title='bbox 727 2022 805 2080; x_wconf 89' lang='lat' dir='ltr'>Deus</span> <span class='ocrx_word' id='word_1_164' title='bbox 834 2024 926 2096; x_wconf 85' lang='lat' dir='ltr'>vivas,</span> <span class='ocrx_word' id='word_1_165' title='bbox 960 2017 1058 2105; x_wconf 73' lang='grc' dir='ltr'>σωτήρ</span> <span class='ocrx_word' id='word_1_166' title='bbox 1092 2026 1215 2083; x_wconf 88' lang='lat' dir='ltr'>omnium</span> <span class='ocrx_word' id='word_1_167' title='bbox 1248 2024 1404 2096; x_wconf 89' lang='lat' dir='ltr'>homiuum,</span> <span class='ocrx_word' id='word_1_168' title='bbox 1519 2092 1520 2097; x_wconf 8' lang='grc' dir='ltr'>η</span> 
     </span>
    </p>
   </div>
   <div class='ocr_carea' id='block_1_7' title="bbox 228 2124 1406 2306">
    <p class='ocr_par' dir='ltr' id='par_1_9' title="bbox 228 2124 1406 2306">
     <span class='ocr_line' id='line_1_18' title="bbox 230 2124 1406 2209; baseline 0.005 -26"><span class='ocrx_word' id='word_1_169' title='bbox 230 2126 350 2184; x_wconf 89' lang='lat' dir='ltr'>maxime</span> <span class='ocrx_word' id='word_1_170' title='bbox 365 2125 491 2184; x_wconf 86' lang='lat' dir='ltr'>fidelium</span> <span class='ocrx_word' id='word_1_171' title='bbox 507 2125 535 2198; x_wconf 89' lang='lat'>4,</span> <span class='ocrx_word' id='word_1_172' title='bbox 558 2125 596 2183; x_wconf 95' lang='grc'>10</span> <span class='ocrx_word' id='word_1_173' title='bbox 612 2124 647 2184; x_wconf 86' lang='lat' dir='ltr'>ci.</span> <span class='ocrx_word' id='word_1_174' title='bbox 663 2127 691 2201; x_wconf 90' lang='grc'>6,</span> <span class='ocrx_word' id='word_1_175' title='bbox 717 2126 773 2197; x_wconf 81' lang='grc'>17,</span> <span class='ocrx_word' id='word_1_176' title='bbox 795 2126 880 2184; x_wconf 87' lang='lat' dir='ltr'>Jesus</span> <span class='ocrx_word' id='word_1_177' title='bbox 895 2126 1025 2184; x_wconf 81' lang='lat' dir='ltr'>Christus</span> <span class='ocrx_word' id='word_1_178' title='bbox 1041 2124 1235 2208; x_wconf 77' lang='grc' dir='ltr'>ἐγηγερμένος</span> <span class='ocrx_word' id='word_1_179' title='bbox 1249 2124 1285 2188; x_wconf 82' lang='grc' dir='ltr'>ἐκ</span> <span class='ocrx_word' id='word_1_180' title='bbox 1295 2128 1406 2209; x_wconf 80' lang='grc' dir='ltr'>νεκρῶν</span> 
     </span>
     <span class='ocr_line' id='line_1_19' title="bbox 228 2226 1403 2306; baseline 0.002 -19"><span class='ocrx_word' id='word_1_181' title='bbox 228 2226 265 2290; x_wconf 90' lang='grc' dir='ltr'>Π.</span> <span class='ocrx_word' id='word_1_182' title='bbox 280 2229 352 2290; x_wconf 89' lang='lat' dir='ltr'>Tim.</span> <span class='ocrx_word' id='word_1_183' title='bbox 370 2229 397 2301; x_wconf 88' lang='grc'>2,</span> <span class='ocrx_word' id='word_1_184' title='bbox 420 2229 457 2303; x_wconf 86' lang='grc'>8.,</span> <span class='ocrx_word' id='word_1_185' title='bbox 479 2229 587 2288; x_wconf 88' lang='lat' dir='ltr'>veritas</span> <span class='ocrx_word' id='word_1_186' title='bbox 607 2229 629 2290; x_wconf 87' lang='lat'>1.</span> <span class='ocrx_word' id='word_1_187' title='bbox 645 2227 719 2290; x_wconf 85' lang='lat' dir='ltr'>Tim.</span> <span class='ocrx_word' id='word_1_188' title='bbox 737 2229 764 2300; x_wconf 90' lang='grc'>2,</span> <span class='ocrx_word' id='word_1_189' title='bbox 787 2229 821 2306; x_wconf 84' lang='grc'>4;</span> <span class='ocrx_word' id='word_1_190' title='bbox 844 2229 873 2303; x_wconf 88' lang='lat'>4,</span> <span class='ocrx_word' id='word_1_191' title='bbox 896 2230 934 2301; x_wconf 87' lang='grc'>3.,</span> <span class='ocrx_word' id='word_1_192' title='bbox 957 2232 1123 2302; x_wconf 87' lang='lat' dir='ltr'>mysterium</span> <span class='ocrx_word' id='word_1_193' title='bbox 1145 2231 1173 2302; x_wconf 86' lang='lat'>3,</span> <span class='ocrx_word' id='word_1_194' title='bbox 1197 2232 1223 2288; x_wconf 85' lang='lat'>9.</span> <span class='ocrx_word' id='word_1_195' title='bbox 1261 2231 1403 2302; x_wconf 78' lang='lat' dir='ltr'>Quamob-</span> 
     </span>
    </p>
   </div>
   <div class='ocr_carea' id='block_1_8' title="bbox 228 2327 1520 2613">
    <p class='ocr_par' dir='ltr' id='par_1_10' title="bbox 228 2327 1520 2613">
     <span class='ocr_line' id='line_1_20' title="bbox 228 2327 1520 2414; baseline 0.002 -25"><span class='ocrx_word' id='word_1_196' title='bbox 228 2344 289 2389; x_wconf 83' lang='lat' dir='ltr'>rem</span> <span class='ocrx_word' id='word_1_197' title='bbox 311 2330 382 2389; x_wconf 89' lang='lat' dir='ltr'>fides</span> <span class='ocrx_word' id='word_1_198' title='bbox 402 2346 472 2390; x_wconf 90' lang='lat' dir='ltr'>sana</span> <span class='ocrx_word' id='word_1_199' title='bbox 495 2332 532 2389; x_wconf 90' lang='lat' dir='ltr'>sit</span> <span class='ocrx_word' id='word_1_200' title='bbox 554 2336 670 2404; x_wconf 87' lang='lat' dir='ltr'>oportet</span> <span class='ocrx_word' id='word_1_201' title='bbox 692 2333 750 2393; x_wconf 84' lang='lat' dir='ltr'>sive</span> <span class='ocrx_word' id='word_1_202' title='bbox 783 2334 841 2390; x_wconf 89' lang='lat' dir='ltr'>sint</span> <span class='ocrx_word' id='word_1_203' title='bbox 872 2331 971 2392; x_wconf 88' lang='lat' dir='ltr'>fideles</span> <span class='ocrx_word' id='word_1_204' title='bbox 1003 2327 1181 2414; x_wconf 82' lang='grc' dir='ltr'>ὑγιαίνοντες</span> <span class='ocrx_word' id='word_1_205' title='bbox 1204 2335 1260 2396; x_wconf 86' lang='lat' dir='ltr'>Tit.</span> <span class='ocrx_word' id='word_1_206' title='bbox 1289 2335 1319 2412; x_wconf 84' lang='lat'>1,</span> <span class='ocrx_word' id='word_1_207' title='bbox 1346 2336 1402 2408; x_wconf 85' lang='lat'>13,</span> <span class='ocrx_word' id='word_1_208' title='bbox 1519 2352 1520 2379; x_wconf 74' lang='grc' dir='ltr'>ι</span> 
     </span>
     <span class='ocr_line' id='line_1_21' title="bbox 229 2435 1520 2513; baseline 0.001 -20"><span class='ocrx_word' id='word_1_209' title='bbox 229 2452 286 2494; x_wconf 92' lang='lat' dir='ltr'>non</span> <span class='ocrx_word' id='word_1_210' title='bbox 309 2436 420 2495; x_wconf 87' lang='lat' dir='ltr'>seilicet</span> <span class='ocrx_word' id='word_1_211' title='bbox 441 2437 556 2494; x_wconf 90' lang='lat' dir='ltr'>veritati</span> <span class='ocrx_word' id='word_1_212' title='bbox 580 2436 708 2494; x_wconf 87' lang='lat' dir='ltr'>volentes</span> <span class='ocrx_word' id='word_1_213' title='bbox 730 2437 873 2509; x_wconf 89' lang='lat' dir='ltr'>imperare</span> <span class='ocrx_word' id='word_1_214' title='bbox 896 2437 947 2495; x_wconf 89' lang='lat' dir='ltr'>sed</span> <span class='ocrx_word' id='word_1_215' title='bbox 970 2436 1126 2495; x_wconf 88' lang='lat' dir='ltr'>secundnm</span> <span class='ocrx_word' id='word_1_216' title='bbox 1149 2438 1300 2495; x_wconf 85' lang='lat' dir='ltr'>veritatem</span> <span class='ocrx_word' id='word_1_217' title='bbox 1315 2435 1403 2495; x_wconf 88' lang='lat' dir='ltr'>fidem</span> <span class='ocrx_word' id='word_1_218' title='bbox 1519 2486 1520 2513; x_wconf 86' lang='lat'>,</span> 
     </span>
     <span class='ocr_line' id='line_1_22' title="bbox 230 2522 1520 2613; baseline 0 -16"><span class='ocrx_word' id='word_1_219' title='bbox 230 2554 310 2597; x_wconf 89' lang='lat' dir='ltr'>suam</span> <span class='ocrx_word' id='word_1_220' title='bbox 331 2545 361 2597; x_wconf 90' lang='lat' dir='ltr'>et</span> <span class='ocrx_word' id='word_1_221' title='bbox 380 2539 572 2612; x_wconf 89' lang='lat' dir='ltr'>coguitionem</span> <span class='ocrx_word' id='word_1_222' title='bbox 592 2538 763 2611; x_wconf 87' lang='lat' dir='ltr'>dirigentes,</span> <span class='ocrx_word' id='word_1_223' title='bbox 787 2538 822 2596; x_wconf 85' lang='lat' dir='ltr'>cf.</span> <span class='ocrx_word' id='word_1_224' title='bbox 837 2555 902 2613; x_wconf 88' lang='lat' dir='ltr'>pag.</span> <span class='ocrx_word' id='word_1_225' title='bbox 920 2540 970 2597; x_wconf 81' lang='grc'>37.</span> <span class='ocrx_word' id='word_1_226' title='bbox 1004 2539 1198 2598; x_wconf 87' lang='lat' dir='ltr'>Vehementer</span> <span class='ocrx_word' id='word_1_227' title='bbox 1213 2540 1257 2598; x_wconf 91' lang='lat' dir='ltr'>his</span> <span class='ocrx_word' id='word_1_228' title='bbox 1273 2541 1403 2612; x_wconf 87' lang='lat' dir='ltr'>epistolis</span> <span class='ocrx_word' id='word_1_229' title='bbox 1519 2522 1520 2585; x_wconf 72' lang='grc' dir='ltr'>ί</span> 
     </span>
    </p>
   </div>
   <div class='ocr_carea' id='block_1_9' title="bbox 229 2642 1402 2721">
    <p class='ocr_par' dir='ltr' id='par_1_11' title="bbox 229 2642 1402 2721">
     <span class='ocr_line' id='line_1_23' title="bbox 229 2642 1402 2721; baseline -0.002 -20"><span class='ocrx_word' id='word_1_230' title='bbox 229 2658 301 2702; x_wconf 89' lang='lat' dir='ltr'>sana</span> <span class='ocrx_word' id='word_1_231' title='bbox 311 2644 472 2716; x_wconf 88' lang='lat' dir='ltr'>postulatur</span> <span class='ocrx_word' id='word_1_232' title='bbox 484 2642 627 2721; x_wconf 74' lang='lat' dir='ltr'>ductura,</span> <span class='ocrx_word' id='word_1_233' title='bbox 639 2642 804 2701; x_wconf 89' lang='lat' dir='ltr'>doctoribus</span> <span class='ocrx_word' id='word_1_234' title='bbox 817 2645 891 2701; x_wconf 92' lang='lat' dir='ltr'>enim</span> <span class='ocrx_word' id='word_1_235' title='bbox 904 2643 1043 2715; x_wconf 84' lang='lat' dir='ltr'>evangelii</span> <span class='ocrx_word' id='word_1_236' title='bbox 1055 2644 1181 2715; x_wconf 88' lang='lat' dir='ltr'>scriptae</span> <span class='ocrx_word' id='word_1_237' title='bbox 1193 2646 1258 2700; x_wconf 92' lang='lat' dir='ltr'>sunt</span> <span class='ocrx_word' id='word_1_238' title='bbox 1271 2642 1306 2699; x_wconf 89' lang='lat' dir='ltr'>de</span> <span class='ocrx_word' id='word_1_239' title='bbox 1319 2648 1402 2700; x_wconf 87' lang='lat' dir='ltr'>recto</span> 
     </span>
    </p>
   </div>
   <div class='ocr_carea' id='block_1_10' title="bbox 229 2732 1520 2923">
    <p class='ocr_par' dir='ltr' id='par_1_12' title="bbox 229 2732 1520 2923">
     <span class='ocr_line' id='line_1_24' title="bbox 230 2732 1520 2820; baseline -0.001 -15"><span class='ocrx_word' id='word_1_240' title='bbox 230 2745 351 2805; x_wconf 88' lang='lat' dir='ltr'>docendi</span> <span class='ocrx_word' id='word_1_241' title='bbox 366 2746 463 2818; x_wconf 73' lang='lat' dir='ltr'>modo,</span> <span class='ocrx_word' id='word_1_242' title='bbox 480 2763 545 2805; x_wconf 92' lang='lat' dir='ltr'>nam</span> <span class='ocrx_word' id='word_1_243' title='bbox 562 2747 629 2820; x_wconf 88' lang='lat' dir='ltr'>quia</span> <span class='ocrx_word' id='word_1_244' title='bbox 644 2744 679 2804; x_wconf 90' lang='lat' dir='ltr'>de</span> <span class='ocrx_word' id='word_1_245' title='bbox 694 2746 780 2804; x_wconf 90' lang='lat' dir='ltr'>rebus</span> <span class='ocrx_word' id='word_1_246' title='bbox 796 2762 814 2804; x_wconf 91' lang='lat' dir='ltr'>a</span> <span class='ocrx_word' id='word_1_247' title='bbox 828 2746 892 2804; x_wconf 89' lang='lat' dir='ltr'>Deo</span> <span class='ocrx_word' id='word_1_248' title='bbox 907 2747 1041 2804; x_wconf 87' lang='lat' dir='ltr'>revelatis</span> <span class='ocrx_word' id='word_1_249' title='bbox 1055 2748 1085 2804; x_wconf 91' lang='lat' dir='ltr'>in</span> <span class='ocrx_word' id='word_1_250' title='bbox 1100 2743 1156 2804; x_wconf 91' lang='lat' dir='ltr'>fide</span> <span class='ocrx_word' id='word_1_251' title='bbox 1171 2747 1181 2802; x_wconf 93' lang='lat' dir='ltr'>i</span> <span class='ocrx_word' id='word_1_252' title='bbox 1196 2762 1283 2819; x_wconf 88' lang='lat' dir='ltr'>opero</span> <span class='ocrx_word' id='word_1_253' title='bbox 1299 2748 1402 2818; x_wconf 89' lang='lat' dir='ltr'>agitur,</span> <span class='ocrx_word' id='word_1_254' title='bbox 1519 2732 1520 2779; x_wconf 75' lang='lat'><em>3</em></span> 
     </span>
     <span class='ocr_line' id='line_1_25' title="bbox 229 2847 1520 2923; baseline -0.002 -14"><span class='ocrx_word' id='word_1_255' title='bbox 229 2866 322 2923; x_wconf 86' lang='lat' dir='ltr'>neque</span> <span class='ocrx_word' id='word_1_256' title='bbox 334 2866 406 2923; x_wconf 87' lang='lat' dir='ltr'>qnae</span> <span class='ocrx_word' id='word_1_257' title='bbox 422 2849 580 2908; x_wconf 88' lang='lat' dir='ltr'>doceantur</span> <span class='ocrx_word' id='word_1_258' title='bbox 593 2865 685 2923; x_wconf 89' lang='lat' dir='ltr'>neque</span> <span class='ocrx_word' id='word_1_259' title='bbox 700 2849 842 2922; x_wconf 86' lang='lat' dir='ltr'>quomodo</span> <span class='ocrx_word' id='word_1_260' title='bbox 859 2848 1016 2908; x_wconf 87' lang='lat' dir='ltr'>doceantur</span> <span class='ocrx_word' id='word_1_261' title='bbox 1028 2849 1108 2907; x_wconf 86' lang='lat' dir='ltr'>nulia</span> <span class='ocrx_word' id='word_1_262' title='bbox 1119 2847 1228 2907; x_wconf 86' lang='lat' dir='ltr'>referre</span> <span class='ocrx_word' id='word_1_263' title='bbox 1240 2849 1296 2907; x_wconf 88' lang='lat' dir='ltr'>dici</span> <span class='ocrx_word' id='word_1_264' title='bbox 1308 2855 1405 2922; x_wconf 86' lang='lat' dir='ltr'>potest</span> <span class='ocrx_word' id='word_1_265' title='bbox 1519 2848 1520 2875; x_wconf 58' lang='lat'><em>*</em></span> 
     </span>
    </p>
   </div>
   <div class='ocr_carea' id='block_1_11' title="bbox 230 2951 1402 3129">
    <p class='ocr_par' dir='ltr' id='par_1_13' title="bbox 230 2951 1402 3129">
     <span class='ocr_line' id='line_1_26' title="bbox 230 2951 1402 3032; baseline -0.002 -20"><span class='ocrx_word' id='word_1_266' title='bbox 230 2953 266 3018; x_wconf 87' lang='lat' dir='ltr'>ei.</span> <span class='ocrx_word' id='word_1_267' title='bbox 281 2954 304 3015; x_wconf 89' lang='lat'>1.</span> <span class='ocrx_word' id='word_1_268' title='bbox 319 2954 391 3011; x_wconf 89' lang='lat' dir='ltr'>Tim.</span> <span class='ocrx_word' id='word_1_269' title='bbox 408 2954 440 3028; x_wconf 93' lang='lat'>4,</span> <span class='ocrx_word' id='word_1_270' title='bbox 457 2956 492 3032; x_wconf 78' lang='lat'>63</span> <span class='ocrx_word' id='word_1_271' title='bbox 508 2955 539 3025; x_wconf 89' lang='lat'>6,</span> <span class='ocrx_word' id='word_1_272' title='bbox 556 2954 611 3029; x_wconf 83' lang='grc'>30;</span> <span class='ocrx_word' id='word_1_273' title='bbox 632 2952 668 3010; x_wconf 90' lang='lat' dir='ltr'>lI.</span> <span class='ocrx_word' id='word_1_274' title='bbox 685 2953 756 3011; x_wconf 93' lang='lat' dir='ltr'>Tim.</span> <span class='ocrx_word' id='word_1_275' title='bbox 775 2954 800 3024; x_wconf 88' lang='lat' dir='ltr'>l,</span> <span class='ocrx_word' id='word_1_276' title='bbox 819 2953 865 3010; x_wconf 84' lang='lat'>13.</span> <span class='ocrx_word' id='word_1_277' title='bbox 900 2953 973 3024; x_wconf 79' lang='lat' dir='ltr'>Quin</span> <span class='ocrx_word' id='word_1_278' title='bbox 989 2951 1152 3026; x_wconf 80' lang='lat' dir='ltr'>Scripturas</span> <span class='ocrx_word' id='word_1_279' title='bbox 1168 2951 1272 3011; x_wconf 87' lang='lat' dir='ltr'>Saoras</span> <span class='ocrx_word' id='word_1_280' title='bbox 1290 2953 1402 3011; x_wconf 89' lang='lat' dir='ltr'>Veteris</span> 
     </span>
     <span class='ocr_line' id='line_1_27' title="bbox 230 3055 1401 3129; baseline -0.003 -11"><span class='ocrx_word' id='word_1_281' title='bbox 230 3058 409 3118; x_wconf 88' lang='lat' dir='ltr'>Testamenti</span> <span class='ocrx_word' id='word_1_282' title='bbox 431 3057 549 3129; x_wconf 87' lang='lat' dir='ltr'>respicit</span> <span class='ocrx_word' id='word_1_283' title='bbox 574 3057 599 3114; x_wconf 80' lang='lat' dir='ltr'>is</span> <span class='ocrx_word' id='word_1_284' title='bbox 625 3057 673 3128; x_wconf 88' lang='lat' dir='ltr'>qui</span> <span class='ocrx_word' id='word_1_285' title='bbox 699 3056 816 3128; x_wconf 88' lang='lat' dir='ltr'>scripsit</span> <span class='ocrx_word' id='word_1_286' title='bbox 837 3055 922 3114; x_wconf 89' lang='lat' dir='ltr'>modo</span> <span class='ocrx_word' id='word_1_287' title='bbox 945 3057 975 3113; x_wconf 94' lang='lat' dir='ltr'>in</span> <span class='ocrx_word' id='word_1_288' title='bbox 997 3057 1099 3114; x_wconf 90' lang='lat' dir='ltr'>ceteris</span> <span class='ocrx_word' id='word_1_289' title='bbox 1122 3058 1250 3129; x_wconf 86' lang='lat' dir='ltr'>epistolis</span> <span class='ocrx_word' id='word_1_290' title='bbox 1272 3056 1401 3114; x_wconf 87' lang='lat' dir='ltr'>Paulinis</span> 
     </span>
    </p>
   </div>
   <div class='ocr_carea' id='block_1_12' title="bbox 228 3151 1520 3346">
    <p class='ocr_par' dir='ltr' id='par_1_14' title="bbox 228 3151 1520 3346">
     <span class='ocr_line' id='line_1_28' title="bbox 229 3151 1520 3240; baseline -0.001 -22"><span class='ocrx_word' id='word_1_291' title='bbox 229 3160 357 3220; x_wconf 88' lang='lat' dir='ltr'>inaudito</span> <span class='ocrx_word' id='word_1_292' title='bbox 379 3160 416 3219; x_wconf 89' lang='lat' dir='ltr'>H.</span> <span class='ocrx_word' id='word_1_293' title='bbox 432 3159 504 3221; x_wconf 90' lang='lat' dir='ltr'>Tim.</span> <span class='ocrx_word' id='word_1_294' title='bbox 520 3160 548 3233; x_wconf 89' lang='grc'>3,</span> <span class='ocrx_word' id='word_1_295' title='bbox 574 3160 721 3230; x_wconf 88' lang='grc'>14-16;</span> <span class='ocrx_word' id='word_1_296' title='bbox 743 3152 784 3220; x_wconf 85' lang='grc' dir='ltr'>τὰ</span> <span class='ocrx_word' id='word_1_297' title='bbox 806 3151 871 3240; x_wconf 83' lang='grc' dir='ltr'>ίεροὶ</span> <span class='ocrx_word' id='word_1_298' title='bbox 885 3153 1055 3240; x_wconf 89' lang='grc' dir='ltr'>γροίμματα</span> <span class='ocrx_word' id='word_1_299' title='bbox 1078 3158 1152 3217; x_wconf 89' lang='lat' dir='ltr'>enim</span> <span class='ocrx_word' id='word_1_300' title='bbox 1174 3175 1401 3219; x_wconf 82' lang='lat' dir='ltr'>commemorari·</span> <span class='ocrx_word' id='word_1_301' title='bbox 1519 3226 1520 3235; x_wconf 34' lang='lat'>,</span> 
     </span>
     <span class='ocr_line' id='line_1_29' title="bbox 228 3257 1401 3346; baseline -0.002 -23"><span class='ocrx_word' id='word_1_302' title='bbox 228 3271 275 3323; x_wconf 90' lang='lat' dir='ltr'>tur</span> <span class='ocrx_word' id='word_1_303' title='bbox 297 3271 327 3323; x_wconf 92' lang='lat' dir='ltr'>et</span> <span class='ocrx_word' id='word_1_304' title='bbox 348 3257 449 3346; x_wconf 79' lang='grc' dir='ltr'>γραφὴ</span> <span class='ocrx_word' id='word_1_305' title='bbox 471 3257 672 3336; x_wconf 68' lang='grc' dir='ltr'>2εόπνευστος</span> <span class='ocrx_word' id='word_1_306' title='bbox 694 3262 845 3344; x_wconf 71' lang='lat' dir='ltr'>dicuntur,</span> <span class='ocrx_word' id='word_1_307' title='bbox 867 3262 918 3322; x_wconf 91' lang='lat' dir='ltr'>sed</span> <span class='ocrx_word' id='word_1_308' title='bbox 939 3262 1009 3320; x_wconf 92' lang='lat' dir='ltr'>nihil</span> <span class='ocrx_word' id='word_1_309' title='bbox 1024 3263 1134 3337; x_wconf 89' lang='lat' dir='ltr'>obstat,</span> <span class='ocrx_word' id='word_1_310' title='bbox 1159 3265 1306 3337; x_wconf 90' lang='lat' dir='ltr'>quominus</span> <span class='ocrx_word' id='word_1_311' title='bbox 1321 3263 1401 3321; x_wconf 89' lang='lat' dir='ltr'>Deus</span> 
     </span>
    </p>
   </div>
   <div class='ocr_carea' id='block_1_13' title="bbox 217 3364 1402 4382">
    <p class='ocr_par' dir='ltr' id='par_1_15' title="bbox 217 3364 1402 4382">
     <span class='ocr_line' id='line_1_30' title="bbox 228 3364 1399 3443; baseline 0.003 -17"><span class='ocrx_word' id='word_1_312' title='bbox 228 3367 388 3427; x_wconf 87' lang='lat' dir='ltr'>hominibus</span> <span class='ocrx_word' id='word_1_313' title='bbox 425 3365 559 3427; x_wconf 87' lang='lat' dir='ltr'>fidelibus</span> <span class='ocrx_word' id='word_1_314' title='bbox 597 3366 760 3440; x_wconf 79' lang='lat' dir='ltr'>Scripturas</span> <span class='ocrx_word' id='word_1_315' title='bbox 798 3366 901 3426; x_wconf 81' lang='lat' dir='ltr'>Sauras</span> <span class='ocrx_word' id='word_1_316' title='bbox 937 3365 1080 3424; x_wconf 88' lang='lat' dir='ltr'>dediderit</span> <span class='ocrx_word' id='word_1_317' title='bbox 1117 3365 1154 3424; x_wconf 92' lang='lat' dir='ltr'>ad</span> <span class='ocrx_word' id='word_1_318' title='bbox 1191 3364 1399 3443; x_wconf 79' lang='grc' dir='ltr'>διδασκαλίαν,</span> 
     </span>
     <span class='ocr_line' id='line_1_31' title="bbox 217 3463 1402 3553; baseline -0.005 -17"><span class='ocrx_word' id='word_1_319' title='bbox 217 3465 360 3553; x_wconf 61' lang='grc' dir='ltr'>ἔλεγχον,</span> <span class='ocrx_word' id='word_1_320' title='bbox 384 3464 598 3551; x_wconf 59' lang='lat' dir='ltr'>ceucocroca,</span> <span class='ocrx_word' id='word_1_321' title='bbox 626 3465 764 3531; x_wconf 79' lang='grc' dir='ltr'>παιδείαν</span> <span class='ocrx_word' id='word_1_322' title='bbox 785 3463 840 3551; x_wconf 73' lang='grc' dir='ltr'>τὴν</span> <span class='ocrx_word' id='word_1_323' title='bbox 863 3467 893 3531; x_wconf 79' lang='grc' dir='ltr'>ἐν</span> <span class='ocrx_word' id='word_1_324' title='bbox 915 3464 1098 3550; x_wconf 77' lang='grc' dir='ltr'>δικαιοσύνῃ,</span> <span class='ocrx_word' id='word_1_325' title='bbox 1126 3470 1248 3544; x_wconf 89' lang='lat' dir='ltr'>denique</span> <span class='ocrx_word' id='word_1_326' title='bbox 1274 3472 1311 3530; x_wconf 91' lang='lat' dir='ltr'>ad</span> <span class='ocrx_word' id='word_1_327' title='bbox 1333 3470 1402 3531; x_wconf 89' lang='lat' dir='ltr'>fidei</span> 
     </span>
     <span class='ocr_line' id='line_1_32' title="bbox 227 3572 1344 3649; baseline 0.001 -15"><span class='ocrx_word' id='word_1_328' title='bbox 227 3577 368 3635; x_wconf 88' lang='lat' dir='ltr'>actionem</span> <span class='ocrx_word' id='word_1_329' title='bbox 391 3573 564 3648; x_wconf 86' lang='lat' dir='ltr'>aagendam,</span> <span class='ocrx_word' id='word_1_330' title='bbox 585 3572 819 3648; x_wconf 89' lang='lat' dir='ltr'>confirmandam,</span> <span class='ocrx_word' id='word_1_331' title='bbox 841 3573 1031 3648; x_wconf 89' lang='lat' dir='ltr'>probandam,</span> <span class='ocrx_word' id='word_1_332' title='bbox 1054 3590 1142 3648; x_wconf 87' lang='lat' dir='ltr'>supra</span> <span class='ocrx_word' id='word_1_333' title='bbox 1163 3591 1228 3649; x_wconf 87' lang='lat' dir='ltr'>pag.</span> <span class='ocrx_word' id='word_1_334' title='bbox 1252 3576 1292 3633; x_wconf 88' lang='grc'>40</span> <span class='ocrx_word' id='word_1_335' title='bbox 1308 3593 1344 3636; x_wconf 89' lang='lat' dir='ltr'>ss.</span> 
     </span>
     <span class='ocr_line' id='line_1_33' title="bbox 313 3676 1401 3755; baseline 0 -17"><span class='ocrx_word' id='word_1_336' title='bbox 313 3680 378 3738; x_wconf 90' lang='lat' dir='ltr'>Non</span> <span class='ocrx_word' id='word_1_337' title='bbox 400 3683 482 3738; x_wconf 89' lang='lat' dir='ltr'>caute</span> <span class='ocrx_word' id='word_1_338' title='bbox 505 3678 619 3738; x_wconf 87' lang='lat' dir='ltr'>videtur</span> <span class='ocrx_word' id='word_1_339' title='bbox 641 3679 748 3737; x_wconf 87' lang='lat' dir='ltr'>dictum</span> <span class='ocrx_word' id='word_1_340' title='bbox 770 3693 833 3737; x_wconf 90' lang='lat' dir='ltr'>esse</span> <span class='ocrx_word' id='word_1_341' title='bbox 855 3677 879 3740; x_wconf 92' lang='grc' dir='ltr'>Ι.</span> <span class='ocrx_word' id='word_1_342' title='bbox 902 3677 974 3738; x_wconf 91' lang='lat' dir='ltr'>Tim.</span> <span class='ocrx_word' id='word_1_343' title='bbox 998 3678 1027 3755; x_wconf 90' lang='grc'>2,</span> <span class='ocrx_word' id='word_1_344' title='bbox 1054 3677 1110 3751; x_wconf 85' lang='grc'>15,</span> <span class='ocrx_word' id='word_1_345' title='bbox 1137 3676 1270 3747; x_wconf 79' lang='lat' dir='ltr'>feminam</span> <span class='ocrx_word' id='word_1_346' title='bbox 1293 3680 1401 3739; x_wconf 88' lang='lat' dir='ltr'>salvari</span> 
     </span>
     <span class='ocr_line' id='line_1_34' title="bbox 227 3774 1399 3865; baseline -0.004 -21"><span class='ocrx_word' id='word_1_347' title='bbox 227 3777 278 3844; x_wconf 86' lang='grc' dir='ltr'>διὰ</span> <span class='ocrx_word' id='word_1_348' title='bbox 299 3784 355 3865; x_wconf 78' lang='grc' dir='ltr'>τῖγς</span> <span class='ocrx_word' id='word_1_349' title='bbox 375 3777 576 3863; x_wconf 88' lang='grc' dir='ltr'>τεκνογονίας,</span> <span class='ocrx_word' id='word_1_350' title='bbox 608 3781 658 3841; x_wconf 90' lang='lat' dir='ltr'>sed</span> <span class='ocrx_word' id='word_1_351' title='bbox 681 3781 810 3840; x_wconf 91' lang='lat' dir='ltr'>additur:</span> <span class='ocrx_word' id='word_1_352' title='bbox 841 3774 894 3842; x_wconf 86' lang='grc' dir='ltr'>ε’ὰν</span> <span class='ocrx_word' id='word_1_353' title='bbox 916 3776 1051 3862; x_wconf 84' lang='grc' dir='ltr'>μείνωσιν</span> <span class='ocrx_word' id='word_1_354' title='bbox 1073 3778 1105 3842; x_wconf 86' lang='grc' dir='ltr'>ἐν</span> <span class='ocrx_word' id='word_1_355' title='bbox 1126 3777 1230 3843; x_wconf 88' lang='grc' dir='ltr'>πίστει.</span> <span class='ocrx_word' id='word_1_356' title='bbox 1274 3783 1347 3841; x_wconf 89' lang='lat' dir='ltr'>Item</span> <span class='ocrx_word' id='word_1_357' title='bbox 1369 3783 1399 3857; x_wconf 92' lang='lat'>4,</span> 
     </span>
     <span class='ocr_line' id='line_1_35' title="bbox 231 3877 1401 3967; baseline 0.002 -22"><span class='ocrx_word' id='word_1_358' title='bbox 231 3889 268 3946; x_wconf 92' lang='grc'>16</span> <span class='ocrx_word' id='word_1_359' title='bbox 284 3888 308 3945; x_wconf 90' lang='lat' dir='ltr'>si</span> <span class='ocrx_word' id='word_1_360' title='bbox 322 3887 456 3961; x_wconf 87' lang='lat' dir='ltr'>legimus:</span> <span class='ocrx_word' id='word_1_361' title='bbox 478 3885 565 3947; x_wconf 75' lang='lat' dir='ltr'>robae</span> <span class='ocrx_word' id='word_1_362' title='bbox 584 3879 641 3967; x_wconf 82' lang='grc' dir='ltr'>γὰρ</span> <span class='ocrx_word' id='word_1_363' title='bbox 659 3885 748 3947; x_wconf 86' lang='grc' dir='ltr'>ποιῶν</span> <span class='ocrx_word' id='word_1_364' title='bbox 763 3878 817 3947; x_wconf 82' lang='grc' dir='ltr'>καί</span> <span class='ocrx_word' id='word_1_365' title='bbox 831 3877 955 3946; x_wconf 85' lang='grc' dir='ltr'>σεαυτὸν</span> <span class='ocrx_word' id='word_1_366' title='bbox 969 3878 1071 3965; x_wconf 77' lang='grc' dir='ltr'>σώσεις</span> <span class='ocrx_word' id='word_1_367' title='bbox 1085 3879 1139 3946; x_wconf 83' lang='grc' dir='ltr'>καί</span> <span class='ocrx_word' id='word_1_368' title='bbox 1153 3878 1222 3957; x_wconf 84' lang='grc' dir='ltr'>τοὺς</span> <span class='ocrx_word' id='word_1_369' title='bbox 1237 3879 1401 3958; x_wconf 77' lang='grc' dir='ltr'>ἀκούοντάς</span> 
     </span>
     <span class='ocr_line' id='line_1_36' title="bbox 227 3983 1400 4065; baseline -0.003 -13"><span class='ocrx_word' id='word_1_370' title='bbox 227 4007 293 4065; x_wconf 84' lang='grc' dir='ltr'>σου,</span> <span class='ocrx_word' id='word_1_371' title='bbox 310 4005 433 4064; x_wconf 89' lang='lat' dir='ltr'>eaquae</span> <span class='ocrx_word' id='word_1_372' title='bbox 449 3988 615 4048; x_wconf 90' lang='lat' dir='ltr'>Timotheus</span> <span class='ocrx_word' id='word_1_373' title='bbox 630 3988 702 4048; x_wconf 83' lang='lat' dir='ltr'>facit</span> <span class='ocrx_word' id='word_1_374' title='bbox 715 4007 773 4049; x_wconf 92' lang='lat' dir='ltr'>non</span> <span class='ocrx_word' id='word_1_375' title='bbox 791 3989 919 4049; x_wconf 89' lang='lat' dir='ltr'>ultimam</span> <span class='ocrx_word' id='word_1_376' title='bbox 933 3989 1074 4062; x_wconf 89' lang='lat' dir='ltr'>praebent</span> <span class='ocrx_word' id='word_1_377' title='bbox 1090 4005 1204 4064; x_wconf 87' lang='lat' dir='ltr'>causam</span> <span class='ocrx_word' id='word_1_378' title='bbox 1218 3989 1270 4050; x_wconf 76' lang='lat' dir='ltr'>rob</span> <span class='ocrx_word' id='word_1_379' title='bbox 1285 3983 1400 4065; x_wconf 78' lang='grc' dir='ltr'>σώσειν;</span> 
     </span>
     <span class='ocr_line' id='line_1_37' title="bbox 228 4091 1398 4167; baseline 0 -15"><span class='ocrx_word' id='word_1_380' title='bbox 228 4097 308 4153; x_wconf 88' lang='lat' dir='ltr'>tenet</span> <span class='ocrx_word' id='word_1_381' title='bbox 333 4095 409 4153; x_wconf 91' lang='lat' dir='ltr'>enim</span> <span class='ocrx_word' id='word_1_382' title='bbox 439 4097 469 4152; x_wconf 91' lang='lat' dir='ltr'>et</span> <span class='ocrx_word' id='word_1_383' title='bbox 501 4098 597 4152; x_wconf 86' lang='lat' dir='ltr'>servat</span> <span class='ocrx_word' id='word_1_384' title='bbox 627 4109 661 4151; x_wconf 90' lang='lat' dir='ltr'>ea</span> <span class='ocrx_word' id='word_1_385' title='bbox 694 4111 766 4167; x_wconf 90' lang='lat' dir='ltr'>quae</span> <span class='ocrx_word' id='word_1_386' title='bbox 796 4094 876 4153; x_wconf 90' lang='lat' dir='ltr'>Deus</span> <span class='ocrx_word' id='word_1_387' title='bbox 898 4091 986 4152; x_wconf 90' lang='lat' dir='ltr'>donat</span> <span class='ocrx_word' id='word_1_388' title='bbox 1006 4093 1061 4152; x_wconf 89' lang='lat' dir='ltr'>Tit.</span> <span class='ocrx_word' id='word_1_389' title='bbox 1077 4094 1104 4167; x_wconf 90' lang='grc'>2,</span> <span class='ocrx_word' id='word_1_390' title='bbox 1130 4093 1265 4164; x_wconf 90' lang='grc'>11-14;</span> <span class='ocrx_word' id='word_1_391' title='bbox 1288 4094 1309 4151; x_wconf 91' lang='grc' dir='ltr'>Ι.</span> <span class='ocrx_word' id='word_1_392' title='bbox 1325 4093 1398 4153; x_wconf 88' lang='lat' dir='ltr'>Tim.</span> 
     </span>
     <span class='ocr_line' id='line_1_38' title="bbox 229 4196 1399 4275; baseline 0 -20"><span class='ocrx_word' id='word_1_393' title='bbox 229 4200 257 4270; x_wconf 89' lang='grc'>6,</span> <span class='ocrx_word' id='word_1_394' title='bbox 280 4198 334 4270; x_wconf 87' lang='grc'>20;</span> <span class='ocrx_word' id='word_1_395' title='bbox 356 4198 393 4256; x_wconf 91' lang='grc' dir='ltr'>ΙΙ.</span> <span class='ocrx_word' id='word_1_396' title='bbox 412 4197 485 4258; x_wconf 87' lang='lat' dir='ltr'>Tim.</span> <span class='ocrx_word' id='word_1_397' title='bbox 502 4198 529 4270; x_wconf 90' lang='grc'>2,</span> <span class='ocrx_word' id='word_1_398' title='bbox 552 4197 583 4275; x_wconf 77' lang='grc'>2;</span> <span class='ocrx_word' id='word_1_399' title='bbox 608 4197 636 4272; x_wconf 87' lang='grc'>3,</span> <span class='ocrx_word' id='word_1_400' title='bbox 662 4196 715 4268; x_wconf 87' lang='grc'>14;</span> <span class='ocrx_word' id='word_1_401' title='bbox 738 4198 767 4270; x_wconf 91' lang='grc'>4,</span> <span class='ocrx_word' id='word_1_402' title='bbox 789 4196 845 4256; x_wconf 83' lang='lat' dir='ltr'>7s.</span> <span class='ocrx_word' id='word_1_403' title='bbox 889 4197 979 4256; x_wconf 87' lang='lat' dir='ltr'>Omne</span> <span class='ocrx_word' id='word_1_404' title='bbox 998 4198 1088 4269; x_wconf 90' lang='lat' dir='ltr'>igitur</span> <span class='ocrx_word' id='word_1_405' title='bbox 1102 4202 1251 4271; x_wconf 87' lang='lat' dir='ltr'>peecatum</span> <span class='ocrx_word' id='word_1_406' title='bbox 1266 4197 1399 4256; x_wconf 89' lang='lat' dir='ltr'>christia·</span> 
     </span>
     <span class='ocr_line' id='line_1_39' title="bbox 227 4292 1400 4382; baseline 0.002 -23"><span class='ocrx_word' id='word_1_407' title='bbox 227 4317 329 4361; x_wconf 89' lang='lat' dir='ltr'>norum</span> <span class='ocrx_word' id='word_1_408' title='bbox 345 4301 381 4359; x_wconf 92' lang='lat' dir='ltr'>ob</span> <span class='ocrx_word' id='word_1_409' title='bbox 400 4317 462 4360; x_wconf 88' lang='lat' dir='ltr'>eam</span> <span class='ocrx_word' id='word_1_410' title='bbox 479 4317 541 4360; x_wconf 89' lang='lat' dir='ltr'>rem</span> <span class='ocrx_word' id='word_1_411' title='bbox 555 4305 705 4374; x_wconf 88' lang='lat' dir='ltr'>peccatum</span> <span class='ocrx_word' id='word_1_412' title='bbox 721 4306 767 4360; x_wconf 89' lang='lat' dir='ltr'>est</span> <span class='ocrx_word' id='word_1_413' title='bbox 784 4303 850 4374; x_wconf 89' lang='lat' dir='ltr'>quia</span> <span class='ocrx_word' id='word_1_414' title='bbox 863 4302 888 4360; x_wconf 89' lang='lat' dir='ltr'>is</span> <span class='ocrx_word' id='word_1_415' title='bbox 900 4301 947 4375; x_wconf 89' lang='lat' dir='ltr'>qui</span> <span class='ocrx_word' id='word_1_416' title='bbox 959 4303 1089 4375; x_wconf 88' lang='lat' dir='ltr'>peccavit</span> <span class='ocrx_word' id='word_1_417' title='bbox 1099 4292 1154 4382; x_wconf 81' lang='grc' dir='ltr'>τὴν</span> <span class='ocrx_word' id='word_1_418' title='bbox 1164 4296 1262 4362; x_wconf 87' lang='grc' dir='ltr'>πίστιν</span> <span class='ocrx_word' id='word_1_419' title='bbox 1272 4293 1400 4382; x_wconf 73' lang='grc' dir='ltr'>ἤρνηται</span> 
     </span>
    </p>
   </div>
   <div class='ocr_carea' id='block_1_14' title="bbox 0 0 1530 4848">
    <p class='ocr_par' dir='ltr' id='par_1_16' title="bbox 0 0 1530 4848">
     <span class='ocr_line' id='line_1_40' title="bbox 0 0 1530 4848; baseline 0 0"><span class='ocrx_word' id='word_1_420' title='bbox 0 0 1530 4848; x_wconf 95' lang='lat' dir='ltr'> </span> 
     </span>
    </p>
   </div>
  </div>
 </body>
</html>
