3050 4848
665 303 889 379 ,-rc-

202 467 239 543 11,
257 468 285 542 3,
303 471 321 529 2
336 461 362 548 ¹)
378 471 510 543 notatur,
533 486 592 527 nou
614 470 739 529 omnium
766 470 913 531 hominum
927 470 1012 531 fidem
1029 491 1106 550 esse,
1122 478 1221 533 tamen
1236 480 1368 551 apparet,

202 586 320 630 causam
339 569 425 646 hujus
449 570 491 630 rei
512 572 605 631 altera
627 592 663 632 ex
689 577 774 649 parte
796 574 967 635 electionem
994 593 1058 635 4444
1088 575 1216 635 divinam
1239 580 1261 654 Ι,
1289 581 1315 653 1,
1339 579 1368 654 4,

201 673 295 732 altera
311 689 381 732 uero
397 692 433 733 ex
447 679 532 750 parte
546 675 669 736 hominis
684 675 775 752 ipsius
790 678 954 738 consultum
970 682 1000 738 41
1014 678 1174 738 arbitrium.
1205 681 1272 739 Non
1294 680 1370 739 enim

200 775 335 836 laudaret
349 778 499 852 apostolus
509 778 787 841 Thessalonicenses
801 782 824 858 1,
844 782 870 857 1,
888 783 907 841 2
922 799 961 841 44.
978 781 1014 840 41.
1031 783 1053 859 Ι,
1072 784 1100 858 2,
1121 784 1158 841 19
1174 799 1217 860 44,
1241 785 1279 858 ΙΙ,
1299 785 1325 859 1,
1339 784 1368 861 4,

200 884 356 941 44414414
372 880 469 941 studic
483 887 514 942 et
528 881 632 943 ardore
646 883 830 959 praedicaret
845 884 1042 961 epistolasque
1057 885 1236 961 scriberetl,
1256 887 1282 956 1,
1298 886 1369 945 444.

200 983 294 1056 2,16.
314 983 458 1062 1744.,41
478 985 610 1046 absolute
636 985 871 1063 praedestinatos
896 1004 946 1048 eos
969 992 1095 1063 putaret.
1144 989 1225 1048 Inest
1249 988 1370 1048 libertas

200 1086 344 1164 quaedam
371 1086 401 1146 in
433 1085 504 1165 fide,
534 1088 613 1149 unde
642 1089 754 1168 evcnit,
785 1094 818 1149 ut
847 1089 936 1150 etiam
965 1090 1073 1150 diversi
1103 1090 1211 1166 gredau
1233 1090 1315 1168 fidei,
1340 1095 1370 1152 et

198 1182 394 1273 ὑστερήματα
415 1192 438 1267 Ι,
462 1191 491 1269 3,
518 1193 569 1269 10,
593 1198 623 1252 41
644 1193 803 1254 necessitas
823 1193 996 1253 adhortandi
1019 1195 1041 1270 Ι,
1059 1195 1087 1270 3,
1105 1195 1124 1253 2
1147 1211 1369 1254 commemoren-

198 1299 259 1371 tur,
284 1299 313 1354 et
335 1294 462 1371 dicatur,
484 1312 570 1372 posse
592 1296 736 1357 hominem
759 1315 817 1357 444
839 1297 986 1358 credendo
1002 1299 1096 1356 Deum
1115 1291 1240 1361 oibecaia
1253 1299 1277 1374 I,
1293 1299 1323 1373 4,
1340 1302 1369 1375 8,

199 1403 228 1458 41
255 1415 341 1475 posse
368 1399 497 1458 laborem
526 1399 715 1476 praedicandi
742 1398 784 1474 εἰς
811 1394 897 1463 κενὸν
918 1398 1062 1482 partubus
1085 1401 1107 1477 Ι,
1131 1402 1160 1477 3,
1185 1400 1213 1460 5.
1258 1401 1370 1460 Tamen

198 1501 285 1561 etiam
301 1502 421 1562 alteram
436 1507 549 1579 partem
564 1502 703 1564 describit
718 1504 836 1581 Paulus,
852 1503 997 1564 hominem
1012 1504 1041 1562 in
1056 1502 1122 1580 ipsa
1135 1502 1192 1563 fide
1204 1502 1369 1579 dependere

197 1622 216 1662 a
242 1603 400 1665 directione
432 1611 462 1666 et
484 1605 679 1667 dominatione
701 1607 759 1667 Dei
779 1608 818 1683 ΙΙ,
843 1609 871 1684 2,
898 1610 936 1666 10
951 1627 975 1668 4.
999 1613 1029 1666 41
1051 1625 1068 1665 4
1090 1606 1227 1683 precibus
1248 1606 1370 1665 fratrum

198 1709 236 1783 ΙΙ,
261 1710 290 1784 3,
316 1704 404 1790 111)
445 1705 632 1792 ‘leucatas
644 1706 670 1793 ²³)
689 1711 841 1787 proposuit
856 1711 966 1771 Paulus
985 1711 1015 1770 in
1036 1711 1080 1770 his
1097 1709 1240 1788 epistolis,
1273 1714 1369 1769 utrum

199 1810 319 1889 4441141,
335 1829 394 1871 444
416 1812 499 1892 dicia
523 1815 637 1874 solvere
664 1820 743 1874 certe
769 1832 827 1874 non
853 1819 982 1892 conatur,
1010 1814 1090 1873 nulla
1115 1815 1184 1873 data
1206 1812 1368 1873 occasione.

284 1915 390 1975 Paucis
412 1915 539 1992 denique
562 1916 750 1995 disseremus,
774 1917 845 1993 quid
859 1917 905 1978 his
920 1916 1049 1994 epistolis
1065 1917 1174 1977 Paulus
1189 1916 1226 1976 de
1241 1916 1368 1976 moribus

199 2016 420 2079 christianorum
447 2019 534 2080 dicat.
579 2020 608 2080 Si
636 2020 712 2080 enim
739 2018 837 2095 πίστις
864 2020 941 2081 44114
968 2020 1110 2095 quaedam
1137 2025 1182 2079 est
1204 2024 1234 2080 et
1256 2020 1371 2095 agendo

197 2122 352 2199 probatur,
383 2121 412 2181 in
443 2122 639 2200 descriptione
660 2142 771 2183 morum
800 2124 1022 2185 christianorum
1044 2124 1109 2200 ipsa
1129 2123 1202 2184 fides
1224 2122 1370 2183 describe-

197 2228 254 2284 tur.
306 2225 497 2302 Inspiciamus
529 2225 618 2302 igitur
650 2227 722 2287 illud
756 2223 838 2310 ἔργον
870 2229 927 2310 τῆς
959 2223 1101 2300 nicaena!
1139 2225 1270 2303 Obligati
1302 2229 1371 2285 sunt

197 2326 347 2388 christiani
370 2330 407 2389 ad
430 2329 594 2390 castitatem
616 2336 646 2391 41
667 2331 852 2391 sanctitatem
869 2330 1020 2391 vocatione
1037 2329 1093 2390 Dei
1108 2335 1138 2391 41
1153 2329 1229 2390 dono
1245 2328 1370 2406 Spiritus

198 2430 297 2491 Sancti
319 2434 341 2508 Ι,
366 2437 394 2509 4,
420 2435 448 2492 7.
472 2436 505 2511 8,
530 2435 558 2510 5,
584 2437 601 2491 9
626 2434 661 2493 41.
684 2436 723 2512 ΙΙ,
748 2438 776 2511 2,
804 2437 855 2512 13,
887 2436 935 2495 vel
965 2434 1020 2494 Dei
1049 2434 1158 2512 gratia,
1190 2435 1227 2511 ΙΙ,
1261 2434 1288 2509 1,
1320 2434 1369 2491 12.-

196 2533 269 2594 Inde
301 2534 446 2611 videmus,
482 2536 537 2595 Dei
570 2554 672 2614 opera,
707 2537 763 2596 Dei
791 2538 1002 2613 benignitatem
1031 2554 1149 2597 eausam
1179 2555 1243 2597 4444
1273 2534 1369 2612 operis

196 2637 316 2697 humani
331 2639 484 2714 Deumque
500 2639 655 2700 donavisse
670 2640 782 2716 aliquid
797 2640 918 2717 homini,
940 2641 1020 2716 quod
1034 2641 1121 2699 homo
1137 2639 1244 2699 debeat
1259 2645 1368 2698 tenere.

197 2741 268 2800 Vult
290 2741 366 2802 enim
388 2743 469 2802 Deus
492 2741 709 2825 ε’νδοζασῗίῆναι
731 2750 761 2803 41
782 2742 1006 2825 ᾖανμασῗῆναν.
1037 2742 1139 2802 ultima
1173 2742 1221 2802 die
1247 2743 1277 2801 iu
1299 2740 1369 2800 flde-

196 2844 273 2905 libus
294 2846 332 2921 ΙΙ,
359 2847 385 2923 1,
412 2847 463 2921 10,
495 2852 584 2922 atque
615 2845 703 2906 etiam
733 2865 810 2905 nunc
839 2865 944 2906 nomen
968 2846 1023 2906 Dei
1053 2847 1141 2906 debet
1163 2844 1318 2920 glorificari
1339 2843 1369 2903 in

132 2996 135 3011 .
196 2946 281 3007 nobis
302 2949 341 3024 ΙΙ,
361 2951 387 3026 l,
407 2950 455 3007 12.
501 2948 574 3009 Sunt
598 2949 673 3008 enim
688 2949 790 3009 fideles
805 2955 835 3009 et
850 2949 953 3009 vivunt
971 2949 1001 3008 in
1016 2951 1079 3008 Dec
1094 2950 1118 3025 I,
1137 2949 1164 3024 1,
1184 2950 1214 3026 1,
1238 2949 1322 3025 11,1,
1342 2950 1369 3025 l,

196 3051 277 3111 velnt
292 3051 373 3111 Deus
394 3050 424 3111 in
439 3051 511 3128 ipsis
538 3053 560 3129 Ι,
583 3052 612 3129 4,
636 3054 670 3130 8,
693 3056 761 3113 4441
785 3049 1016 3128 1411144441,
1033 3053 1062 3129 4,
1080 3054 1113 3127 9,
1130 3052 1211 3111 velut
1226 3049 1369 3109 ecclesiae

196 3152 373 3217 christianae
403 3154 546 3215 ecclesiae
575 3155 632 3215 Dei
654 3157 692 3232 Η,
719 3158 745 3231 l,
768 3157 798 3232 4,
830 3172 889 3214 444
918 3159 986 3214 4441
1015 3154 1067 3213 filii
1092 3155 1293 3230 tenebrarum,
1316 3153 1370 3212 sed

196 3256 481 3336 144141,5,444.,
512 3258 594 3318 Deus
621 3258 685 3335 ipse
714 3277 765 3318 444
793 3264 872 3319 14144
901 3257 1067 3319 sanctificat
1094 3259 1118 3333 I,
1142 3259 1172 3334 5,
1197 3258 1247 3315 23.
1298 3257 1371 3316 Inde

196 3378 346 3422 veronen
369 3360 564 3438 concluditur,
587 3380 706 3422 secaucs
729 3382 779 3423 444
794 3381 859 3423 4444
873 3379 976 3438 posse,
1000 3360 1052 3419 sed
1075 3358 1229 3435 obligatos.
1274 3361 1372 3420 Habet

196 3483 267 3524 sane
290 3458 425 3539 ἐξουσίαν
447 3466 594 3539 quandam
616 3466 767 3542 apostolus
790 3469 826 3543 ll,
852 3468 880 3542 3,
905 3468 933 3541 9,
958 3465 1009 3525 sed
1033 3470 1078 3524 441
1100 3462 1187 3522 etiam
1203 3462 1371 3523 christianis

196 3562 279 3649 ἔργον
307 3561 428 3648 ἀγαὶἳόν
457 3567 621 3628 laciendum
651 3574 681 3629 41
713 3564 801 3651 λόγος
830 3563 951 3651 ipati<
973 3567 1114 3627 dicendus
1136 3568 1173 3644 ll,
1198 3569 1226 3645 2,
1253 3568 1301 3643 17,
1326 3572 1371 3627 441

196 3665 278 3745 ἄξιον
299 3671 447 3746 quoddam
463 3673 505 3747 11,
533 3674 559 3749 1,
584 3674 615 3749 3,
641 3677 686 3732 441
718 3671 779 3734 δεῖν
801 3673 870 3749 Ι,4,
889 3673 919 3749 1,
944 3676 989 3731 441
1012 3669 1371 3752 2414442441,44111441

196 3766 362 3855 ἁγιασμός,
394 3774 465 3835 ibid.
499 3795 528 3835 u.
563 3778 602 3851 3.,
637 3780 705 3835 4441
738 3771 946 3857 παραγγελίαι,
978 3776 1000 3851 Ι,
1032 3779 1062 3851 4,
1094 3776 1126 3852 2,
1156 3775 1195 3851 ΙΙ,
1225 3775 1253 3850 3,
1281 3775 1319 3832 12
1342 3777 1371 3832 41

285 3959 304 4025 ¹)
322 3961 373 4015 His
390 3960 479 4014 scibis
497 3960 686 4027 multomagis
706 3960 804 4013 absens
825 3959 961 4014 homiuum
979 3959 1156 4029 plurimorum
1179 3957 1250 4012 actio
1278 3957 1370 4024 (Calci-

195 4049 257 4115 aas),
287 4063 367 4115 quam
393 4046 489 4101 electio
507 4045 630 4101 fidelium
658 4045 750 4111 (Weiss
766 4065 791 4112 p.
811 4044 872 4111 211)
892 4060 1023 4115 expressa
1041 4060 1101 4100 4444
1118 4043 1185 4098 mihi
1202 4042 1318 4098 videtur.
1338 4072 1369 4082 -·

197 4131 217 4202 ²)
236 4132 275 4188 cf.
294 4138 393 4187 Krcmm
411 4134 429 4184 1.
447 4152 467 4187 e.
482 4152 510 4199 p.
529 4132 572 4186 58.
593 4162 623 4171 -
644 4130 665 4196 3)
684 4131 863 4198 Quamobrem
876 4146 918 4187 me
932 4138 1006 4187 certe
1018 4131 1133 4185 Paulum
1144 4145 1198 4184 non
1210 4128 1371 4199 vituperare,

196 4220 268 4275 sicut
286 4219 418 4283 Pfleidear
435 4218 542 4274 videtur
559 4218 735 4287 (Paratissimus
750 4237 776 4285 ρ.
798 4218 839 4285 79,
856 4217 890 4272 41.
910 4220 1005 4271 Frr'cka'a'
1019 4217 1219 4274 adnotationem
1231 4217 1249 4271 1.
1262 4232 1284 4271 4.
1298 4233 1324 4285 p.
1334 4217 1370 4283 6),

195 4305 267 4362 intra
284 4311 469 4377 cognoscetur.
