3050 4848
617 309 660 320 ...
703 250 829 338 αρ’..

129 449 255 510 Justitia
276 454 320 508 est
340 453 422 509 reeta
444 448 566 508 duarum
587 449 712 522 partium
733 449 810 507 iuter
832 466 863 507 se
888 449 1006 510 relatio.
1049 447 1127 509 Deus
1156 465 1225 514 vero
1251 465 1309 509 non

131 544 227 613 reete
240 569 312 626 erga
332 553 461 612 homines
483 568 571 626 agere
593 567 651 610 non
672 555 769 625 potest
789 552 872 611 Rom.
887 554 916 624 3,
940 554 973 630 63
996 552 1032 611 de
1054 552 1110 612 Dei
1131 553 1219 628 igitur
1240 567 1310 626 erpa

36 722 40 728 ,
130 656 265 716 homines
291 660 373 715 reeta
404 656 546 715 relatione
576 654 633 714 diei
662 670 720 712 non
748 659 854 729 potest.
902 654 984 727 Quod
1015 672 1083 715 vero
1114 656 1151 714 ad
1181 656 1310 715 homiues

131 759 253 835 attinet,
277 775 341 818 eam
364 775 449 835 quam
471 758 579 817 debent
601 756 710 817 habere
732 759 790 816 suis
814 759 972 819 emiserunt
992 758 1129 832 peccatis.
1162 757 1310 831 Quomodo

20 940 21 943 Ἴ
130 861 369 937 recuperabunt?
420 861 567 922 Conantur
597 861 679 919 multi
708 861 837 935 ipsorum
866 860 988 948 vilibus,
1015 862 1068 920 sed
1093 877 1151 921 uon
1175 865 1310 941 possunt3

130 965 275 1025 formam*
302 964 444 1049 quandam
490 963 689 1023 tantummodo
737 964 793 1023 sibi
833 970 951 1039 parant,
998 963 1113 1040 falsam,
1154 966 1309 1040 propriam

131 1068 226 1128 Nemo
248 1072 346 1143 potest
366 1073 472 1127 statum
493 1069 572 1126 illum
595 1068 729 1126 amissum
752 1068 908 1127 restituere
930 1068 985 1127 nisi
1000 1068 1077 1127 Deus
1099 1069 1161 1143 ipse
1183 1068 1310 1142 peccatis

130 1173 260 1249 remissis
293 1189 346 1231 sua
377 1173 478 1246 gratia.
522 1170 572 1230 Sin
598 1164 677 1230 Deus
710 1174 820 1231 rectam
853 1171 1024 1230 relationem
1056 1171 1116 1230 vult
1147 1172 1310 1246 restituere,
1373 1178 1375 1181 ’

131 1275 232 1335 statim
254 1276 394 1347 restituit,
421 1276 489 1349 quia
515 1274 592 1334 solus
619 1279 675 1347 est,
705 1275 760 1351 (pri¹
774 1275 930 1339 restituere
950 1279 1057 1349 potest.
1101 1273 1186 1335 Unde
1208 1274 1253 1348 fit,
1278 1279 1311 1339 ut
1390 1294 1396 1298 ·

133 1372 305 1460 δικαιοσύνη
327 1376 401 1442 ‘leot
424 1377 526 1437 eadem
548 1378 586 1436 sit
608 1381 694 1451 atque
713 1377 828 1451 J‘ustitia
849 1395 918 1437 vora
940 1381 970 1436 et
990 1379 1063 1440 sola.
1076 1375 1101 1453 1)

128 1532 131 1538 .
220 1481 328 1555 Quodsi
350 1483 412 1555 jam
440 1482 573 1554 diximus,
600 1482 693 1542 Deum
719 1498 777 1540 non
800 1498 886 1556 posse
914 1497 971 1540 non
1001 1481 1107 1540 bonum
1129 1486 1159 1541 et
1180 1487 1311 1543 sanetum
1356 1482 1358 1497 ¹

133 1603 210 1659 esse,
232 1590 327 1644 tamen
350 1585 468 1660 aeoidit,
492 1590 524 1644 ut
545 1585 675 1644 homines
695 1584 833 1657 injustum
860 1600 925 1644 eum
951 1582 1107 1657 affirment,
1137 1590 1240 1646 eontra
1263 1586 1311 1658 jus

133 1690 247 1749 scilieet
269 1694 299 1748 et
319 1688 397 1762 leges
420 1688 530 1750 divinas
553 1705 618 1749 eum
640 1685 743 1765 fecisse
765 1688 825 1747 sive
848 1682 951 1751 ἄδικον
965 1704 1028 1748 esse
1043 1689 1124 1748 Rom.
1141 1690 1169 1763 3,
1192 1688 1310 1749 ddisti-

134 1798 240 1852 tantes.
274 1792 348 1852 Tum
361 1793 498 1866 ‘quamvis
516 1809 569 1867 per
584 1809 615 1851 se
630 1793 755 1864 injustus
770 1793 892 1865 nonsit,
915 1796 1012 1851 tamen
1027 1808 1125 1852 eoram
1149 1793 1311 1853 hominibus

69 1943 72 1949 .
132 1897 257 1970 injustus
280 1899 337 1970 est,
367 1901 400 1955 ut
435 1912 507 1971 opus
530 1897 580 1970 sit,
612 1912 676 1954 eum
698 1894 899 1977 δικαιωὲῆναι
920 1898 1003 1957 Βοιιι.
1027 1886 1059 1970 3,
1086 1896 1106 1954 4
1133 1896 1169 1956 of.
1197 1899 1225 1971 9,
1258 1897 1311 1979 143

134 2001 163 2073 3,
186 2000 236 2060 25.
254 2000 304 2074 26,
326 2016 384 2059 nou
406 2005 485 2059 certe
508 2000 655 2058 homiuum
677 2001 781 2074 gratia,
806 1999 857 2058 sed
876 2000 966 2075 ipsius
980 1999 1129 2074 operibus,
1150 2000 1311 2060 hominibus

133 2107 230 2162 autem
252 2101 459 2176 iudicantibus,
488 2097 580 2162 Deum
601 2120 634 2162 re
655 2120 727 2162 vera
749 2107 879 2162 sanetum
902 2108 932 2163 ot
957 2103 1064 2163 bonum
1090 2097 1207 2186 (ἀληῖνῆ
1229 2105 1311 2164 Rom.

134 2208 162 2280 3,
186 2206 218 2283 4)
243 2222 315 2265 esse.
361 2205 444 2279 Quod
465 2205 514 2266 ubi
540 2206 754 2281 iudicaverunt,
787 2208 870 2282 quasi
897 2209 1006 2281 justum
1035 2224 1106 2272 eum¹
1121 2207 1313 2268 reddiderunt

133 2307 182 2385 (ef.
211 2310 294 2368 Rom.
323 2311 355 2383 3,
384 2310 429 2386 5),
466 2313 594 2368 sanetum
626 2325 691 2368 eum
720 2310 910 2369 declarantes.
964 2311 1029 2370 Non
1059 2311 1147 2384 igitur
1163 2310 1311 2382 -judioium

130 2412 291 2485 justificans
322 2429 437 2487 semper
468 2430 532 2472 eum
566 2415 700 2488 respicit,
732 2415 781 2486 qui
806 2413 886 2486 leges
912 2414 1031 2473 violavit
1058 2419 1088 2472 et
1114 2431 1146 2472 re
1173 2430 1241 2474 vera
1264 2414 1312 2486 jus
1375 2468 1379 2476 „

134 2517 231 2590 laesit,
254 2515 305 2574 sed
328 2532 392 2575 eum
408 2517 509 2589 etiam,
534 2517 580 2591 qui
595 2517 713 2575 laesisse
728 2516 852 2590 videtur,
876 2518 944 2590 quin
959 2534 1037 2590 eum,
1059 2517 1107 2590 qui
1122 2533 1178 2576 non
1193 2517 1312 2578 laesisse

135 2618 227 2678 denuo
243 2619 408 2678 declaratur
422 2619 459 2677 ab
475 2619 682 2679 admirantibus
695 2619 847 2692 Judioibus.
885 2619 925 2679 Ut
946 2637 1015 2679 vero
1038 2622 1126 2680 etiam
1147 2622 1253 2680 melius
1270 2622 1318 2680 in-

134 2723 290 2795 telligatur,
313 2718 501 2805 δικαιοσύνην
522 2723 617 2797 primo
639 2725 703 2782 loeo
731 2739 791 2782 non
820 2739 884 2782 esse
911 2723 1054 2797 habitum,
1080 2723 1132 2782 sed
1155 2728 1260 2784 statum
1281 2731 1313 2784 et

134 2825 317 2899 relationem,
348 2843 419 2901 opus
447 2827 603 2903 estotim
624 2829 791 2885 memoriani
811 2830 972 2902 revocetur,
999 2827 1040 2907 τῇ
1062 2821 1233 2907 δικαιοσύνῃ
1255 2844 1312 2887 non
1382 2818 1386 2835 '

135 2913 225 2989 solum
241 2922 367 3010 ἀνομίαν
381 2931 417 2989 Il.
429 2928 494 3003 (lor,
511 2932 538 3003 6,
557 2930 595 2988 14
610 2931 657 2988 vel
672 2923 790 2992 ἀδικίαν
805 2932 921 3005 opponi,
937 2930 987 2992 sed
1002 2930 1096 3005 potius
1113 2924 1265 3012 ἁμαρτίαν
1277 2928 1312 3006 ²),
1335 2935 1339 2939 “

136 3025 287 3115 ἁμαρτίαν
312 3038 408 3092 autem
434 3050 491 3093 oon
515 3034 546 3092 in
572 3032 687 3093 homine
714 3035 807 3093 solum
834 3034 955 3093 inveniri
967 3030 1003 3110 ⁸),
1029 3033 1079 3093 sed
1105 3035 1201 3108 potius
1228 3040 1312 3095 extra

222 3166 241 3236 ¹)
261 3167 301 3222 Cf.
319 3169 418 3238 Ddlne,
442 3169 459 3222 l.
478 3184 501 3222 e.
521 3185 547 3238 p.
567 3168 607 3222 77.
644 3168 711 3222 Cum
728 3168 826 3237 Lepsia,
852 3169 872 3223 l.
891 3184 913 3222 e.
932 3185 958 3236 p.
977 3167 1011 3221 16
1029 3152 1064 3221 aa.
1082 3169 1235 3223 consentire
1258 3185 1311 3222 non

137 3270 259 3324 possum,
286 3255 386 3323 quippe
413 3255 459 3322 qui
486 3254 615 3311 δικαίωσιν
642 3246 670 3309 et
693 3255 798 3323 justum
825 3253 967 3309 declarare
991 3253 1131 3322 (reddere)
1157 3261 1185 3310 et
1207 3254 1311 3323 justum

137 3340 243 3395 efficere
255 3340 366 3409 (bonum
377 3340 503 3410 reddere)
516 3341 589 3396 dieat
601 3356 670 3396 esse.
683 3372 716 3379 —
730 3338 751 3408 ²)
769 3341 921 3395 Discrimen
937 3341 1008 3395 inter
1026 3339 1126 3396 ἀδικίαν
1145 3347 1173 3395 et
1186 3338 1311 3410 ἁμαρτίαν

137 3426 307 3482 intercedens
320 3428 387 3482 bene
399 3428 562 3497 intelligitur
573 3427 651 3482 Rom.
666 3429 689 3496 6,
709 3428 754 3482 13:
775 3426 843 3496 μηδὲ
860 3425 1023 3496 παριστάνετε
1035 3426 1067 3483 τὰ
1084 3430 1147 3497 μέλη
1164 3425 1234 3497 {apoll
1246 3424 1312 3483 ὅπλα

136 3511 235 3576 ἀδικίας
244 3514 366 3582 (habitus
375 3514 527 3584 subjectivi)
537 3518 570 3585 τῇ
580 3510 699 3587 ἁμαρτίᾳ,
709 3511 771 3569 ἀλλὰ
780 3517 815 3586 τῷ
823 3517 918 3585 Saepe·
925 3513 952 3581 8)ξ
961 3517 1079 3584 Αμαρτία
1088 3515 1189 3583 optime
1198 3506 1311 3584 opponlss

137 3609 180 3655 tur
192 3603 225 3670 τῇ
238 3599 393 3671 δικαιοσύνῃ.
411 3591 482 3655 Nam
495 3601 577 3655 etiam
593 3601 621 3655 in
640 3598 752 3673 ἁμαρτίᾳ
770 3601 872 3670 duplex
890 3601 993 3669 aliquid
1007 3601 1115 3655 videtur
1132 3600 1230 3656 inesse.
1259 3602 1311 3656 Est

102 3726 108 3733 ·
137 3683 327 3756 αιιίιιιᾶμαρτία
342 3687 494 3756 Verfellonp,
512 3688 599 3756 primo
619 3688 727 3758 quidem
746 3688 814 3742 reeti
830 3702 895 3755 erga
908 3689 997 3742 Deum
1012 3686 1084 3741 modi
1102 3686 1207 3755 agendi,
1214 3686 1320 3742 deinde

138 3773 217 3830 etiam
226 3779 318 3828 rectae
328 3788 393 3841 erge
401 3774 490 3828 Deum
499 3773 678 3842 condicionis;
690 3773 762 3828 unde
771 3773 896 3844 potentia
905 3773 1037 3842 quaedem
1047 3772 1101 3828 dici
1109 3776 1206 3842 potest,
1219 3789 1310 3841 quem-

137 3862 175 3916 uis
185 3861 257 3919 enim
269 3876 323 3914 non
335 3874 384 3928 per
396 3874 425 3913 se
438 3859 575 3929 subsistat,
588 3866 678 3916 tamen
690 3861 851 3916 relationem
863 3877 893 3915 re
905 3876 977 3930 vera,
989 3877 1044 3915 non
1057 3858 1204 3915 secundum
1215 3859 1310 3915 huma·

138 3963 185 4003 nas
203 3947 381 4015 cogitationes
399 3945 501 4013 solum,
523 3946 619 4001 falsam
642 3948 789 4016 signifieat,
812 3947 847 4003 ef.
866 3948 944 4002 Rom.
962 3948 987 4016 5,
1006 3949 1038 4002 12
1056 3963 1105 4014 ss,
1127 3947 1151 4016 3,
1169 3947 1199 4014 93
1222 3947 1245 4012 7,
1263 3948 1309 4003 14:

138 4031 252 4104 σαρκινός
270 4034 334 4105 alpe,
352 4033 512 4101 πεπραμένος
528 4030 580 4088 ὑπο
592 4028 636 4102 πὴν
649 4030 782 4103 ἁμαρτίαν.
818 4024 884 4090 Cum
897 4050 978 4090 earne
992 4035 1159 4102 singulorum
1170 4034 1309 4090 hominum

139 4120 282 4189 conjuncta
300 4123 343 4173 est
360 4116 486 4188 ἁμαρτία,
507 4122 600 4173 tamen
618 4121 701 4175 etiam
719 4121 853 4190 objectiva
872 4121 1004 4189 quaedam
1022 4121 1144 4177 eondieio
1163 4128 1212 4177 ost.
1244 4124 1309 4177 Am·
1421 4170 1427 4176 .

139 4207 188 4262 bae
204 4211 298 4276 partes
316 4206 435 4260 notionis
454 4202 580 4276 ἁμαρτίας
602 4222 730 4283 oxymora
754 4209 916 4285 conjunctae
939 4214 1002 4273 aunt
1019 4209 1053 4273 II.
1072 4208 1139 4271 (lor,
1150 4208 1175 4276 5,
1193 4209 1233 4273 21.
1268 4208 1308 4276 (lt,

112 4345 115 4351 ,
139 4293 249 4365 Holmon,
268 4295 284 4346 l.
302 4312 322 4349 e.
336 4311 363 4363 p.
384 4291 435 4344 319
450 4312 471 4349 s.
1306 4318 1308 4323 ⁴
