3050 4848
694 280 906 340 ..56-

229 443 510 510 1111111111
526 447 621 506 vivere
638 446 804 523 declaravit.
834 450 943 508 Tamen
958 466 1050 524 neque
1066 454 1161 526 capite
1180 454 1227 512 10.
1244 471 1334 528 neque
1354 457 1400 515 11.

230 555 362 610 naturam
383 548 452 609 fidei
468 550 559 624 ipsam
575 550 708 609 distincte
731 556 759 609 ot
783 551 908 610 dilucide
927 552 1045 613 delinire
1061 556 1164 626 voluit3
1184 558 1270 617 immo
1287 558 1402 617 demon·

229 656 344 727 stravit,
367 652 452 712 fidem
475 669 537 712 esse
552 671 612 713 rem
628 655 752 712 maxime
767 654 954 729 efferendam,
971 659 1105 731 quoniam
1121 676 1156 718 ex
1171 677 1204 718 eo
1220 662 1298 718 vivat
1310 662 1402 733 justus

232 758 279 830 10,
302 757 352 816 38.
382 756 454 828 Quia
476 773 543 814 uero
566 756 734 819 attributum
754 759 952 832 gravissimum
967 761 1088 819 actionis
1104 760 1170 821 fidei
1186 769 1230 821 est
1250 764 1403 835 certitudo,

228 892 271 903 -
293 865 345 918 aut
366 861 441 917 enim
462 858 544 918 firme
566 858 665 918 fideles
688 862 781 920 Deum
809 867 910 920 tenent
938 868 987 920 aut
1009 879 1065 922 uon
1088 870 1189 923 teuent
1209 868 1239 923 iu
1261 859 1403 928 ἀπιστίαν

228 964 396 1023 aberrantes
418 995 460 1005 -—
481 962 555 1021 adeo
584 968 616 1020 ut
647 964 790 1023 certitudo
822 982 840 1022 1
870 970 976 1024 natura
1004 966 1073 1026 fidei
1102 984 1134 1025 rc
1168 984 1238 1026 uera
1271 971 1403 1042 separari

228 1082 286 1126 uon
308 1067 413 1140 possit,
435 1083 472 1125 ne
494 1067 588 1137 logice
611 1068 724 1141 quidem
740 1069 764 1124 is
780 1069 829 1141 qui
842 1068 955 1141 scripsit
971 1069 1113 1144 distinxit,
1128 1072 1215 1129 immo
1231 1072 1402 1130 attributum

228 1168 296 1229 fidei
318 1174 452 1242 11111111
476 1173 608 1227 naturam
630 1168 697 1229 fidei
718 1171 810 1242 ipsam
832 1171 976 1243 depinxit,
1000 1172 1075 1244 quod
1096 1174 1210 1245 quidem
1226 1181 1306 1233 certe
1320 1175 1403 1233 licuit

218 1289 285 1331 uon
307 1272 453 1332 definienti
476 1271 528 1331 scd
550 1272 726 1331 describenti
748 1273 843 1333 fidem.
887 1275 920 1332 ln
947 1275 1001 1333 hac
1027 1292 1095 1334 vero
1124 1277 1187 1349 ipsa
1214 1295 1246 1335 rc
1269 1294 1287 1335 1
1309 1278 1400 1335 Ρ1110

228 1375 338 1449 differt,
361 1374 436 1449 quod
458 1375 489 1434 id
511 1375 587 1449 quod
609 1376 778 1435 attributum
800 1366 868 1436 fidei
884 1382 941 1453 est,
957 1395 1021 1436 cunr
1046 1379 1107 1449 ejus
1133 1383 1237 1439 natura
1263 1379 1400 1452 confudit,

216 1479 273 1541 uel
294 1483 400 1536 statum
423 1478 601 1537 certitudinis
624 1480 711 1537 animi
734 1481 782 1553 qui
805 1497 869 1537 cum
891 1479 945 1566 fide
973 1482 1143 1552 conjunctus
1172 1487 1217 1541 est
1231 1480 1255 1557 1)
1277 1482 1315 1541 ab
1337 1485 1400 1556 ipsa

227 1581 296 1643 fidei
322 1584 435 1641 actione
461 1599 518 1641 uon
540 1582 680 1642 distinxit.
732 1584 840 1642 Tamen
861 1599 896 1641 ea
920 1599 992 1656 quae
1015 1586 1109 1657 capite
1138 1586 1185 1643 11.
1208 1585 1401 1658 adjunguntur

227 1685 295 1744 fidei
317 1687 449 1760 exempla
470 1702 526 1742 nou
549 1692 654 1745 statum
677 1687 768 1744 solum
791 1687 878 1744 animi
900 1685 1067 1744 describunt
1088 1686 1140 1745 sed
1154 1689 1296 1746 actionem
1311 1688 1400 1746 etiam

226 1788 294 1849 fidei
315 1789 431 1861 siugulis
453 1789 587 1861 operibus
610 1789 847 1861 cognoscendam.
892 1788 974 1860 Quod
997 1805 1065 1847 vero
1087 1790 1138 1847 illa
1151 1791 1283 1864 exempla
1299 1791 1398 1849 Veteri

227 1892 378 1968 desumpta
406 1897 472 1950 suut
494 1891 691 1963 Testamenta,
723 1892 789 1950 iude
820 1892 888 1949 mihi
920 1909 977 1950 non
1008 1894 1088 1966 sequi
1115 1893 1240 1965 videtur,
1264 1912 1329 1953 eum
1350 1895 1400 1966 qui
1506 1962 1507 1965 ¹

227 1995 377 2070 scripserit
408 1995 444 2053 ad
466 1995 615 2054 Hebraeos
646 2012 759 2053 sensum
789 1995 922 2053 latiorem
958 1994 1092 2054 habuisse
1121 1988 1188 2055 fidei
1210 1993 1400 2077 1811119111,
1506 2062 1507 2069 ,

227 2094 349 2166 &lala
370 2092 529 2176 manaan
559 2114 624 2156 uam
647 2099 734 2157 ctiam
756 2099 863 2156 Paulus
885 2098 984 2156 laudat
1005 2098 1201 2156 Abrahamum
1217 2117 1232 2157 e
1248 2099 1304 2158 lide
1317 2102 1400 2171 justi-

228 2200 346 2263 ficatum
374 2202 502 2274 aliosque
529 2217 596 2259 vere
624 2199 722 2261 fideles
751 2202 781 2257 in
803 2200 909 2259 Vetere
931 2201 1117 2261 Testamcuto
1140 2203 1285 2261 existimat
1306 2202 1401 2275 luisse,

226 2321 285 2371 uon
303 2310 405 2378 patros
427 2302 598 2377 reprobans,
621 2302 672 2360 sed
695 2304 800 2379 legem,
823 2308 909 2379 alque
931 2311 963 2362 ut
985 2304 1128 2378 objectum
1150 2305 1218 2365 fidei
1239 2307 1402 2378 principale

227 2407 319 2469 Deum
341 2410 433 2482 ipsum
456 2407 556 2466 statuit
577 2408 669 2465 virum
694 2412 723 2464 et
744 2423 855 2483 verum,
879 2406 915 2468 of.
930 2424 995 2481 pag.
1013 2411 1031 2466 6
1049 2427 1069 2466 1.
1093 2409 1142 2468 35.
1188 2412 1325 2483 Apparet,
1342 2426 1402 2468 rem

229 2511 402 2585 descriptam
425 2506 545 2569 eandem
570 2526 634 2569 esse
656 2516 742 2582 atque
775 2509 851 2583 apud
883 2511 1013 2583 Paulum,
1035 2512 1154 2570 Paulum
1176 2529 1245 2571 vero
1271 2513 1402 2585 sagacius

228 2620 257 2672 et
277 2615 441 2673 accuratius
467 2618 497 2672 et
521 2631 559 2671 ex
583 2614 642 2672 alia
664 2618 747 2685 parte
773 2629 835 2671 rem
855 2612 1049 2687 descripsisse.

311 2718 345 2775 Iu
367 2718 491 2790 epistola
511 2716 530 2774 J
537 2714 674 2790 acobi2)
697 2717 830 2775 similiter
852 2734 898 2776 res
921 2734 951 2776 se
973 2717 1071 2777 habet.
1115 2718 1180 2776 Nou
1196 2719 1309 2791 dubito,
1333 2718 1402 2791 quin

226 2820 353 2893 ,lacobus
378 2821 504 2880 uoluerit
530 2836 593 2878 curo
616 2820 705 2879 Paulo
721 2837 875 2894 pugnare,
902 2820 1026 2884 11111.
1053 2823 1099 2880 15.
1143 2822 1208 2879 Nou
1237 2822 1311 2879 euim
1337 2825 1398 2881 tarn
1505 2894 1506 2897 Ἴ

227 2925 335 2987 acriter
361 2924 475 2996 scribit,
497 2928 529 2982 ut
550 2923 605 2982 boc
628 2924 792 2983 existimare
814 2925 912 2994 liceat,
934 2941 1027 2996 neque
1051 2945 1114 2986 cam
1136 2928 1284 2998 impugnat
1305 2923 1400 2996 fidem,
1505 2948 1506 2951 ¹

227 3044 313 3106 quam
328 3028 433 3087 Paulus
444 3026 606 3099 praedicat,
626 3027 757 3084 sedeam
776 3025 843 3083 fidei
863 3027 999 3103 formam,
1022 3033 1217 3102 contraquam
1237 3029 1286 3087 ille
1298 3030 1401 3101 etipse

226 3136 343 3205 pugnat.
386 3131 419 3188 In
451 3123 505 3188 hoc'
527 3145 595 3188 vcro
619 3135 663 3189 est
685 3129 850 3202 discrimen,
879 3131 955 3203 quod
970 3132 1076 3190 Paulus
1102 3131 1192 3190 falsae
1218 3130 1295 3207 fidei,
1321 3132 1401 3189 iuaui

227 3235 339 3295 scilicet
366 3234 514 3305 scientiae,
545 3232 612 3291 fidei
642 3249 746 3291 nomeu
777 3235 891 3292 omuino
921 3250 978 3293 uon
1007 3234 1122 3306 tribuit3
1143 3235 1287 3294 actionem
1310 3235 1399 3292 totius

214 3338 349 3397 ,hominis
382 3335 466 3397 fidem
501 3353 563 3395 esse
596 3336 773 3408 existimans,
802 3337 927 3395 ,Iacobus
956 3315 1041 3404 uero,
1075 3339 1142 3410 quia
1174 3340 1194 3395 ii
1232 3338 1400 3409 quibuscum

215 3441 374 3516 pugnabat
396 3440 446 3497 tali
468 3440 623 3498 utebantur
645 3439 729 3498 modo
751 3440 878 3512 dicendi,
908 3441 974 3498 huic
1002 3440 1075 3499 falso
1105 3441 1165 3499 sive
1190 3445 1303 3500 mortuo
1332 3438 1400 3497 fidei

313 3679 335 3747 ¹)
356 3678 503 3730 Girbardias
520 3678 536 3730 l.
555 3677 571 3729 l.
591 3696 617 3742 p.
638 3676 787 3730 351161
818 3676 881 3730 lidei
909 3720 914 3730 .
943 3718 949 3730 .
977 3675 1146 3730 tribuitur
1171 3671 1309 3737 barbaranu
1335 3678 1397 3743 cet,
1504 3694 1505 3739 l

227 3765 328 3834 quippe
359 3781 428 3834 quae
455 3764 490 3819 ad
516 3763 630 3820 effectus
655 3762 719 3817 fidei
744 3764 889 3831 pertineat.
925 3763 965 3817 Cf.
993 3770 1083 3817 autem
1106 3761 1247 3831 136211.
1269 3790 1298 3800 -
1319 3759 1398 3828 2101.
1504 3766 1505 3825 l

227 3855 306 3917 Koa,
325 3853 377 3902 Der
394 3853 474 3917 Bricf
489 3852 587 3918 Jacobi,
610 3848 821 3918 111119111838,
839 3869 865 3916 p.
880 3849 974 3903 4-55.
996 3850 1081 3917 Boar,
1095 3849 1195 3913 Paulus,
1207 3850 1246 3914 II,
1256 3868 1282 3914 p.
1297 3846 1353 3898 322
1364 3865 1396 3897 11.
1504 3868 1505 3875 ¹

226 3938 328 4008 811111,
342 3959 370 4006 p.
390 3936 473 3989 1001.
509 3938 609 4004 Ddbuc,
624 3955 651 4001 p.
670 3935 713 3988 90.
749 3936 901 4004 Lutlerbcclc,
920 3937 956 4001 II,
971 3956 998 4003 p.
1014 3937 1072 3989 188.
1108 3936 1265 4002 H'ilqcnscld,
1279 3936 1334 3984 Dos
1351 3933 1397 3986 Ur·

226 4026 390 4088 obluatcatltam
412 4026 436 4075 iu
454 4025 498 4074 deu
516 4022 781 4088 Hauplrcendcpanlcleu
798 4025 873 4072 acinco
890 4023 1198 4088 Entwiclocluupaproccssas
1217 4020 1291 4074 1855.
1328 4022 1397 4073 Kal-

225 4114 277 4181 111,
290 4113 306 4163 l.
319 4113 335 4165 l.
349 4110 404 4161 266
415 4130 447 4163 as.
492 4109 526 4163 W.
539 4109 659 4175 Schmidt,
672 4112 726 4160 Der
738 4109 883 4174 Lcltrqedalt
900 4111 941 4159 des
956 4109 1178 4175 Jacobus-Bricjcs,
1193 4108 1269 4176 1869,
1279 4127 1305 4173 p.
1319 4107 1354 4157 96
1365 4125 1397 4161 as.

227 4197 323 4253 15711.
360 4201 497 4265 Hofiuona,
515 4195 692 4262 Schriftbwcia
709 4195 747 4261 ΙΙ,
757 4215 783 4260 ρ,
798 4192 893 4248 63911,
928 4196 1020 4264 Reuss,
1032 4195 1151 4249 Histoire
1161 4199 1212 4248 etc.
1226 4195 1248 4261 I,
1260 4211 1286 4262 p.
1300 4192 1348 4247 251
1362 4210 1397 4248 ss.

226 4284 445 4348 Rheba-Menoetii,
460 4302 486 4348 p.
506 4282 584 4334 6311.
620 4282 715 4350 Imma,
731 4301 757 4347 p.
777 4279 863 4333 4361.
899 4282 1001 4350 lictardi,
1020 4282 1036 4334 1.
1055 4300 1073 4331 1.
1090 4301 1116 4347 p.
1137 4279 1229 4332 10911.
