3050 4848
327 709 361 768 In
391 704 635 789 pastoralibus
666 725 739 783 quae
771 709 904 770 dicuntur
932 707 1099 791 epistolis
1128 714 1341 774 concedendum
1372 721 1418 774 est

243 812 292 871 ubi
322 814 413 887 primo
444 813 631 885 inspiciantur
660 813 747 870 uliam
778 812 870 872 videri
902 831 965 874 esse
996 814 1065 875 fidei
1091 819 1247 878 notionem.
1292 814 1327 878 In
1351 818 1417 876 aliis

244 917 319 974 enim
349 916 405 974 illis
436 915 574 990 epistolis,
606 919 727 988 quatuor
758 915 870 974 scilicet
900 919 1013 990 magnis
1044 925 1075 978 et
1100 920 1322 997 principalibus,
1346 918 1417 980 fides
1502 924 1503 927 ’

243 1019 378 1078 laudatur
408 1021 541 1093 opposita
571 1019 626 1092 legi
658 1023 688 1076 et
714 1018 856 1091 operibus,
906 1021 959 1079 His
987 1037 1054 1081 vero
1077 1024 1204 1098 epistolis
1228 1024 1418 1083 admonentur
1502 1078 1504 1081 ,

244 1122 410 1181 Timotheus
432 1128 462 1182 et
483 1122 565 1180 Titus
586 1127 617 1180 ct
638 1120 739 1194 quibus
762 1121 799 1180 ab
822 1123 857 1182 iis
879 1124 1102 1198 praedicandum
1120 1129 1196 1202 erat,
1219 1133 1251 1185 ut
1265 1133 1418 1186 versentur

242 1225 272 1282 in
294 1224 376 1284 bonis
398 1224 531 1298 operibus
552 1226 575 1287 I.
598 1226 670 1284 Tim.
694 1227 721 1299 5,
746 1226 798 1298 253
822 1228 924 1306 6,18;
947 1227 1004 1289 Tit.
1021 1229 1049 1305 2,
1068 1228 1100 1300 73
1123 1229 1151 1302 3,
1167 1230 1196 1290 8.
1216 1229 1267 1300 14;
1290 1229 1327 1290 ΙΙ.
1343 1228 1415 1288 Tim.

245 1327 272 1401 2,
295 1329 350 1401 213
381 1327 562 1388 Timotheum
593 1329 728 1388 admonet
759 1331 783 1388 is
815 1332 862 1404 qui
891 1332 1020 1406 scripsit,
1050 1331 1179 1414 τηρῆσαι
1208 1327 1263 1414 τὴν
1298 1327 1418 1413 ἐντολὴν

244 1424 368 1493 ἄσπιλον
397 1424 622 1514 ἀνεπίλημπτον
650 1432 673 1504 I,
705 1434 732 1507 6,
766 1433 816 1505 14;
846 1436 987 1494 neminem
1018 1433 1088 1494 dicit
1114 1433 1339 1517 ccepcociubm
1360 1435 1417 1493 nisi

243 1536 291 1608 qui
313 1551 370 1594 non
392 1528 477 1616 c’cbbfn
498 1535 601 1610 solum,
624 1535 675 1595 sed
698 1531 832 1616 νομίμως
864 1531 948 1617 nibli]
969 1538 1005 1610 Π,
1029 1537 1056 1614 2,
1081 1537 1125 1610 5.,
1158 1539 1232 1597 sicut
1264 1556 1295 1598 se
1321 1539 1415 1612 ipsum

243 1636 369 1697 affirmat
390 1632 442 1699 τὸν
463 1632 564 1719 ἀγῶνα
585 1631 677 1701 καλὸν
698 1632 875 1721 tactuum,
899 1689 906 1702 .
930 1688 937 1701 .
961 1634 1147 1706 ἀποκοῐὼαο
1180 1636 1261 1729 αὐτῷ
1285 1635 1337 1703 τὸν
1362 1642 1419 1723 τῆς

244 1735 431 1822 δικαιοσύνης
463 1739 609 1823 creparet,
630 1742 666 1816 Il,
688 1742 717 1818 4,
741 1742 768 1802 7.
792 1744 821 1801 8.
864 1742 946 1802 Adde
980 1742 1057 1815 quud
1090 1760 1176 1817 saepe
1210 1728 1350 1818 postulat,
1383 1750 1417 1803 ut

243 1837 423 1925 ὑγιαίνοντες
444 1846 473 1903 in
496 1843 553 1903 fide
574 1844 675 1906 fideles
697 1845 768 1918 sint,
791 1845 826 1905 cf.
842 1846 898 1909 Tit.
916 1847 943 1919 2,
959 1847 1000 1923 2.,
1017 1852 1047 1906 et
1061 1847 1136 1919 quod
1152 1849 1239 1906 etiam
1253 1848 1282 1905 in
1298 1848 1415 1907 notione

162 1986 170 2001 κ
230 1941 395 2026 ἐὐσεβείας
416 1963 502 2021 saepe
525 1950 648 2022 repetita
669 1949 745 2008 bona
767 1965 857 2023 opera
878 1950 983 2011 insunt.

331 2052 439 2111 Tamen
472 2069 530 2110 non
548 2054 677 2111 ‘omnino
709 2054 768 2111 alin
789 2051 858 2111 fidei
887 2053 966 2111 notio
988 2053 1017 2111 in
1039 2053 1083 2111 his
1106 2054 1253 2113 invenitur
1275 2053 1419 2126 epistolis

244 2155 322 2214 nulla
344 2155 426 2215 adest
449 2171 551 2228 causa,
575 2172 627 2214 cur
648 2159 698 2213 aut
719 2154 798 2214 illam
820 2172 908 2229 snpra
929 2156 1074 2214 inventam
1098 2154 1290 2215 definitionem
1306 2157 1419 2230 rejicia-

244 2275 306 2317 mus
329 2264 388 2331 aut,
410 2260 435 2318 si
457 2274 514 2317 non
536 2260 686 2333 possimus,
701 2265 836 2333 propter
858 2257 927 2317 fidei
948 2262 1088 2317 mutatam
1110 2259 1254 2318 notionem
1278 2256 1327 2339 (de
1356 2261 1420 2319 aliis

245 2364 421 2436 argumentis
445 2362 551 2420 criticis
573 2361 627 2420 hoc
651 2362 714 2420 luco
729 2379 787 2445 nou
803 2361 976 2437 disputatur)
991 2360 1044 2420 has
1060 2362 1196 2436 epistolas
1212 2338 1268 2421 nbn
1284 2363 1420 2422 Paulines

245 2483 308 2525 esse
329 2466 466 2525 dicamus.
510 2465 665 2524 Notionem
687 2462 756 2524 fidei
776 2466 868 2539 ipsam
894 2481 952 2523 non
979 2466 1113 2538 explicite
1136 2467 1257 2525 tractari
1288 2466 1419 2524 concedi-

245 2583 321 2638 mus3
349 2585 386 2628 en
416 2583 489 2641 quae
523 2569 704 2643 explicentur
734 2568 825 2641 priori
854 2567 897 2626 illi
928 2570 1037 2627 notioni
1059 2570 1175 2627 omnino
1199 2561 1333 2643 opposita
1354 2586 1419 2628 esse

246 2685 338 2745 neque
371 2688 434 2730 cum
467 2687 502 2729 ea
531 2672 665 2746 coniungi
695 2688 779 2744 posse
810 2660 956 2746 negamus.
999 2672 1076 2729 Nam
1107 2688 1142 2730 ne
1173 2672 1281 2730 inillis
1304 2673 1418 2746 quidem

246 2776 375 2849 epistolis
406 2774 483 2833 bona
514 2791 604 2848 opera
635 2776 780 2848 apostulus
806 2775 908 2846 vetuit3
944 2781 1044 2833 contra
1074 2775 1097 2833 si
1120 2775 1163 2833 his
1187 2776 1317 2848 epistolis
1340 2775 1418 2834 bona

246 2893 336 2953 opera
367 2879 493 2951 postulat
525 2879 692 2953 praecipue,
725 2877 811 2936 fidem
843 2895 900 2937 non
931 2878 1061 2951 negligit,
1095 2878 1145 2936 sed
1179 2878 1261 2936 bonis
1284 2877 1419 2951 operibus

246 2981 422 3057 probandam
445 2998 508 3040 esse
531 2981 723 3059 demonstrat;
749 2979 866 3040 fuerunt
888 2982 975 3054 enim,
992 2982 1039 3054 qui
1055 2986 1175 3054 propter
1190 2979 1257 3039 fidei
1272 2983 1419 3040 notionem

248 3087 323 3145 mole
345 3084 525 3145 intellectam
547 3101 638 3159 opera
659 3084 850 3162 negligerent.

339 3187 469 3247 ¹decedit
498 3205 568 3247 vero
603 3186 679 3259 quod
710 3179 887 3267 ὀρῖνοδοξίαν
918 3186 1058 3260 quandam
1088 3187 1188 3246 laudnt
1218 3190 1256 3262 is,
1291 3188 1338 3261 qui
1368 3188 1422 3246 has

248 3294 384 3369 epistulas
414 3291 528 3366 scribit,
557 3290 693 3351 II.·Tim.
723 3290 754 3361 3,
787 3290 826 3349 14
858 3306 894 3352 ss.
925 3290 961 3348 cl.
1010 3288 1066 3348 Sed
1095 3307 1131 3349 ne
1161 3291 1274 3348 inillis
1306 3290 1420 3363 quidem

248 3397 376 3471 epistulis
399 3396 550 3455 veritatem
571 3400 652 3453 recte
673 3392 868 3477 accipiendam
886 3393 1014 3466 neglexit
1036 3387 1114 3474 (pag.
1140 3394 1204 3468 34),
1232 3394 1359 3466 quanvis
1385 3391 1421 3450 de

248 3502 332 3560 mode
354 3498 477 3559 docendi
499 3497 569 3556 nihil
592 3497 741 3570 scripserit
762 3496 842 3555 nulla
864 3496 932 3583 dats
954 3497 1112 3577 occasione.
1157 3497 1230 3567 Quia
1263 3511 1332 3555 vero
1364 3511 1421 3554 non

249 3604 285 3663 de
315 3604 394 3662 inani
422 3601 519 3675 aliqua
544 3600 612 3659 fidei
634 3597 727 3659 forme
748 3598 810 3672 agit
831 3599 952 3673 Paulus,
982 3599 1034 3659 sed
1064 3599 1099 3658 de
1131 3598 1217 3658 rebus
1248 3597 1419 3673 quibusdem

249 3710 309 3766 siue
338 3706 458 3778 objectis
486 3704 590 3764 divinis
621 3719 695 3778 quae
728 3702 853 3789 debeant
875 3702 931 3762 fide
954 3703 1060 3775 accipi·
1076 3707 1105 3761 et
1127 3698 1274 3775 cognosci,
1306 3702 1421 3761 omnino
1499 3728 1506 3741 ·

249 3828 306 3869 ncn
327 3813 422 3883 potest
442 3808 620 3881 existimare,
643 3807 714 3866 nihil
736 3808 889 3880 interesse,
912 3806 981 3880 quid
996 3802 1143 3879 doceatur,
1166 3811 1299 3879 tanqunm
1314 3804 1422 3864 multam

249 3913 306 3970 sint
327 3913 478 3989 veritates,
509 3913 597 3971 immo
624 3913 699 3971 sicut
721 3927 807 3969 unum
821 3910 913 3969 Deum
941 3925 1026 3969 unam
1055 3909 1143 3969 habet
1164 3909 1314 3967 veritatem
1337 3923 1423 3981 quam

250 4019 386 4091 oporteat
412 4016 486 4075 bene
512 4031 687 4088 cognoscere
725 4019 755 4072 et
791 4013 865 4072 bene
896 4013 1013 4085 docere,
1035 4011 1114 4071 falsis
1134 3992 1296 4086 reprobatis
1318 4009 1423 4069 fabulis

249 4118 426 4190 1,1,6al.
934 4183 936 4187 ,

262 4258 264 4263 ,
335 4221 420 4281 Certe
432 4224 505 4281 alius
521 4219 568 4280 hic
583 4221 770 4280 videturesse
784 4214 883 4279 modus
900 4212 1021 4279 docendi
1033 4222 1119 4291 utque
1131 4211 1198 4276 illic.
1222 4217 1284 4275 illic
1299 4217 1424 4290 gratiam

207 4368 221 4391 ,
250 4328 281 4385 et
294 4329 467 4400 potestatem
482 4325 537 4383 Dei
559 4323 621 4382 lere
644 4324 735 4382 solam
756 4323 894 4397 explicat,
910 4324 957 4381 hic
972 4322 1010 4381 ad
1024 4321 1187 4380 libertatem
1203 4320 1348 4379 hominum
1363 4318 1425 4379 iere
