3050 4848
617 348 830 409 ..51-

135 521 166 574 et
189 517 247 574 sive
271 515 369 573 similis
390 516 514 575 hominis
536 514 660 575 infidelis
683 518 741 577 sive
763 516 871 576 infideli
890 520 973 592 pejor
989 517 1080 578 factus
1096 525 1140 578 est
1154 521 1176 580 Ι.
1192 521 1264 583 Tim.
1281 523 1314 595 5,

136 621 165 678 8.
184 620 239 697 12;
263 622 289 690 6,
315 620 363 681 10.
380 620 434 694 21,
457 623 578 693 propter
598 624 748 693 peccatum
770 615 806 682 τὸ
822 614 917 702 ὄνομα
931 623 983 682 τοῦ
997 620 1071 685 ἱκοῦ
1086 623 1310 706 βλασφημεῖται

135 723 158 780 1.
182 722 253 780 Tim.
278 725 306 795 6,
331 723 362 792 1;
394 721 449 783 Tit.
476 723 502 796 1,
529 725 581 794 16;
614 725 643 798 2,
667 725 685 782 5
709 723 743 784 ci.
770 726 822 798 10,
852 741 918 782 nam
948 719 1032 787 κατὰ
1062 719 1119 800 τὰς
1145 722 1223 801 ἰδίας
1249 727 1309 790 ἐπι-

135 820 254 906 suptar
275 825 337 898 agit
358 826 383 883 is
406 825 454 899 qui
475 830 577 898 peccat
597 827 634 886 Π.
658 827 730 887 Tim.
754 828 782 898 4,
806 829 833 887 3.
879 826 988 887 Contra
1007 828 1143 888 laudatur
1164 830 1210 903 id,
1233 832 1309 905 quod

137 934 180 987 est
209 921 381 989 ἀπόδεκτον
403 922 523 990 ἐνώπιον
549 929 601 991 τοῦ
627 927 701 993 beot
723 931 744 991 Ι.
769 931 840 990 Tim.
864 932 892 1003 5,
914 932 943 990 4.
988 932 1138 1007 Videmus,
1164 936 1259 993 omnia
1279 936 1309 993 in

135 1032 228 1091 Deum
256 1031 363 1091 referri
393 1033 468 1090 sicut
497 1032 526 1090 in
555 1033 699 1109 prioribus
730 1035 869 1108 epistolis,
914 1035 986 1106 Quin
1017 1035 1100 1094 homo
1132 1036 1224 1095 fidelis
1246 1038 1309 1111 ipsa

135 1135 328 1208 pulcherrime
354 1135 459 1193 dicitur
486 1128 646 1218 ἄνῖιρωπσς
673 1136 726 1199 τοῦ
752 1135 825 1200 boob
853 1138 876 1199 1.
900 1122 980 1197 Tim.
998 1141 1024 1213 6,
1050 1140 1103 1217 11;
1126 1140 1162 1198 Il.
1185 1140 1258 1201 Tim.
1281 1143 1309 1215 3,

138 1238 195 1310 17,
217 1244 249 1296 ut
263 1238 450 1312 intelligatur,
473 1238 626 1313 perfidem
642 1257 706 1298 eum
721 1242 750 1298 in
765 1240 856 1299 solum
871 1241 962 1300 Deum
979 1258 1009 1300 se
1024 1245 1115 1301 totum
1131 1244 1308 1302 convertisse

137 1348 166 1401 et
181 1359 244 1401 oum
259 1359 293 1402 eo
308 1343 418 1400 unitum
434 1359 506 1403 esse.
543 1343 659 1415 Quare
681 1345 768 1403 etiam
791 1345 826 1403 de
847 1344 910 1418 lege
933 1346 1016 1403 simili
1038 1346 1123 1404 modo
1146 1364 1201 1420 quo
1223 1351 1310 1405 antea

136 1446 271 1505 scribitur
292 1447 313 1504 Ι.
337 1445 410 1505 Tim.
437 1447 464 1519 1,
488 1448 615 1520 5-11,
646 1445 681 1505 cf.
704 1447 737 1520 4,
762 1447 872 1518 3-5;
899 1448 955 1505 Τ11.
982 1448 1007 1524 1,
1034 1449 1072 1506 14
1094 1465 1130 1523 s.;
1159 1450 1191 1521 3,
1215 1450 1251 1521 9.,
1277 1453 1309 1506 ut

135 1543 257 1628 ἐντολήν
273 1552 300 1621 6,
319 1550 358 1607 14
372 1550 502 1622 regulam
517 1549 586 1608 fidei
608 1549 795 1624 exhibendae,
817 1554 847 1608 et
861 1551 937 1609 bona
952 1566 1042 1624 opera
1062 1553 1090 1624 6,
1109 1552 1161 1622 18ι
1183 1552 1219 1609 Π.
1236 1552 1307 1611 Tim.

137 1655 165 1725 2,
180 1653 217 1710 21
236 1668 325 1726 opera
342 1652 409 1710 fidei
425 1669 486 1712 esse
505 1654 574 1711 satis
591 1653 711 1726 eluceat,
728 1653 763 1711 cf.
776 1655 831 1712 Tit.
845 1655 872 1728 3,
888 1655 926 1712 14
938 1658 967 1712 et
977 1672 1042 1728 pag.
1056 1655 1104 1713 41.
1128 1654 1203 1727 Quin
1215 1654 1309 1714 ethica

137 1756 295 1814 christiana
325 1755 573 1814 excellentissimis
603 1763 725 1829 augetur
754 1757 997 1831 propositionibus
1023 1758 1046 1820 I.
1069 1758 1142 1819 Tim.
1164 1759 1197 1830 4,
1225 1759 1245 1816 4
1270 1776 1307 1816 s:

136 1860 195 1943 πᾶν
211 1855 327 1939 κτίσμα
341 1857 416 1923 2εοῦ
429 1854 536 1935 καλόν,
561 1860 637 1934 quod
659 1860 773 1932 quidem
797 1854 876 1941 μετὰ
898 1855 1088 1942 εὐχαριστίας
1109 1862 1256 1935 accipitur,
1279 1865 1309 1921 et

136 1963 192 2024 Tit.
220 1964 251 2036 l,
281 1952 332 2021 1'5:
360 1957 462 2024 πάντα
490 1957 620 2045 mbas&
646 1967 709 2035 τοῖς
734 1963 887 2046 astagon
909 1980 916 1994 ·
940 1968 1003 2037 τοῖς
1032 1960 1064 2026 δὲ
1094 1963 1310 2046 μεμιαμμένοις

136 2059 453 2139 asturicensibus
478 2061 628 2149 καῖιαρόν.
671 2068 717 2125 Ex
744 2068 845 2141 quibus
871 2067 1112 2142 propositionibus
1138 2084 1194 2127 non
1216 2069 1308 2126 minus

137 2187 221 2244 quarn
244 2187 280 2228 ex
302 2171 351 2229 illo
373 2171 450 2244 quod
472 2164 633 2252 despero<
648 2171 699 2232 τοῦ
713 2170 787 2234 ςὶιεσῢ
803 2173 965 2246 appellatur
981 2170 1086 2246 fidelis,
1109 2171 1177 2228 mihi
1194 2170 1308 2244 quidem

136 2274 242 2333 Paulus
265 2275 410 2349 apostolus
433 2274 615 2348 apertissime
637 2276 753 2348 agnosci
775 2274 896 2349 videtur,
918 2280 951 2333 ut
973 2275 1100 2347 quamvis
1124 2276 1308 2347 senescentis,

137 2388 232 2437 taincn
255 2379 338 2438 Pauli
359 2379 411 2438 has
435 2379 571 2452 epistolas
594 2394 657 2437 esse
679 2377 865 2437 libentissime
889 2378 1012 2440 credam.

219 3000 252 3058 In
278 2995 380 3062 Actis
407 2995 655 3079 apostolorum
685 2999 787 3058 eadem
813 2998 897 3057 Pauli
926 2998 962 3058 de
993 2999 1049 3058 fide
1087 3003 1231 3060 sententia
1266 3002 1308 3060 in-

135 3105 255 3162 venitur.
301 3104 396 3163 Taceo
428 3104 463 3162 de
485 3104 565 3163 Luca
596 3105 688 3182 amico
710 3104 793 3162 Pauli
824 3108 854 3161 et
881 3103 1020 3176 discipulo
1043 3105 1090 3179 qui
1113 3105 1195 3163 Pauli
1217 3106 1308 3164 notio·

136 3224 200 3266 uem
224 3206 292 3266 fidei
316 3210 345 3265 in
365 3203 442 3269 libro
465 3210 516 3266 illo
538 3207 690 3267 scribendo
715 3224 771 3266 non
793 3208 876 3281 sequi
898 3224 954 3266 non
976 3210 1113 3282 potuerit,
1140 3208 1175 3270 cf.
1199 3210 1245 3286 13,
1274 3210 1308 3287 83

140 3312 186 3383 14,
210 3312 257 3370 22.
282 3312 335 3383 27,
364 3313 412 3386 15,
435 3313 462 3374 5.
507 3312 637 3385 Longum
666 3317 710 3370 est
736 3310 771 3369 de
798 3328 833 3369 eo
861 3311 1011 3370 disserere.
1056 3311 1209 3371 Orationes
1240 3329 1310 3371 vero

136 3415 265 3474 aPaulo
294 3414 408 3473 habitas
439 3416 481 3473 ita
511 3432 575 3474 eum
605 3414 759 3474 tradidisse
786 3413 941 3473 verisimile
963 3420 1022 3492 cst,
1052 3421 1085 3491 ut
1107 3433 1177 3491 opus
1200 3416 1238 3474 sit
1260 3432 1309 3475 eas

136 3518 289 3593 inspicere.
1071 3506 1074 3516 ’

196 3623 373 3706 ‘Orationes
401 3622 431 3679 in
457 3623 550 3696 primo
578 3626 608 3683 et
634 3623 759 3681 secundo
787 3622 891 3682 itinere
917 3623 1033 3684 habitae
1061 3624 1221 3698 (13-18,
1253 3622 1307 3706 22)

135 3727 310 3801 respondent
342 3728 469 3801 epistolis
500 3742 573 3800 quae
604 3732 670 3785 sunt
700 3727 737 3785 ad
764 3726 1045 3789 Thessalonicenses.
1089 3727 1205 3802 Omnia,
1236 3745 1333 3811 quae,

136 3830 241 3889 Paulus
264 3828 372 3887 inillis
396 3831 536 3904 capitibus
563 3836 699 3889 narratur
727 3835 757 3889 ct
783 3831 875 3904 egisse
902 3836 933 3890 et
957 3832 1068 3891 locutus
1095 3848 1174 3905 esse,
1202 3829 1310 3907 optimo¹
1341 3821 1343 3824 ¹

137 3937 299 4006 congruunt
321 3951 384 3992 cnm
407 3934 442 3992 iis
466 3951 541 4008 quae
563 3935 728 4008 perquisitis
751 3934 808 3993 illis
829 3935 957 4008 epistolis
979 3935 1147 3995 invenimus.
1192 3937 1237 3995 Ne
1258 3936 1309 3994 illa

138 4037 267 4112 quidem,
292 4054 365 4111 quas
388 4023 548 4112 capite'lb.
571 4038 608 4098 de
631 4043 753 4112 quatuor
776 4036 954 4114 mandatis1)
977 4038 1153 4114 referuntur,
1179 4040 1213 4099 iis
1237 4035 1331 4129 quae⁴

226 4256 245 4326 ¹)
264 4258 371 4325 Riacll,
394 4259 584 4311 Altkarlolisrle
602 4260 703 4325 Kirclrc,
723 4280 749 4325 p.
770 4258 822 4310 127
839 4278 886 4324 ss.,·
914 4258 1139 4326 Black-Manyold,
1163 4260 1309 4325 Einlaituuq,

139 4343 214 4410 1875,
227 4366 253 4415 p.
272 4344 327 4398 435
343 4366 361 4399 s.
394 4346 484 4414 Reuss,
504 4345 638 4413 Geacbz'ebtc
655 4348 697 4397 der
714 4347 814 4413 heiligen
830 4346 955 4414 Schriften
972 4355 1013 4400 etc.
1032 4344 1110 4414 1874,
1123 4364 1150 4413 p.
1163 4346 1206 4401 57.

1071 4432 1105 4487 4*
