3050 4848
689 318 902 378 ..52-

211 485 334 547 mimus
354 487 487 559 opposita
505 491 583 558 sunt,
603 485 654 544 sed
669 494 704 544 'ex
720 487 789 558 illis,
805 503 877 559 quae
898 504 962 566 pag.
979 489 1026 550 11.
1056 487 1091 545 de
1118 489 1213 546 ethica
1228 488 1385 546 christiana

211 589 407 663 exposuimus
431 589 501 647 satis
523 589 644 662 intelligi
665 593 793 662 possunt.
826 591 871 648 Ex
893 590 956 648 loco
974 593 1022 663 13,
1047 588 1085 649 10'
1102 591 1137 654 cf.
1154 609 1178 652 v.
1195 593 1222 649 8.
1247 591 1385 663 videmus

210 693 330 753 Paulum
352 693 572 764 existimavisse,
594 691 736 764 objectum
757 696 786 750 et
800 690 867 750 fidei
879 698 908 751 et
922 692 1146 766 praedicationis
1163 710 1309 753 successe
1327 687 1386 766 τὰς

211 788 297 867 ὁδούς
318 791 416 877 κυρίου
443 789 500 867 τὰς
527 789 661 869 abactae,
694 797 845 854 veritatem
873 795 998 869 scilicet,
1029 801 1114 868 atquc
1145 798 1296 855 veritatem
1327 814 1386 854 non

211 897 371 957 naturalem
405 898 464 957 siue
494 898 659 972 humanam,
692 898 743 956 sed
776 899 900 956 divinam
933 900 985 973 13,
1019 900 1149 958 16-41
1184 898 1221 961 cf.
1254 901 1302 958 46.
1333 900 1384 958 47.

211 1001 331 1060 iudaeis
352 1001 402 1074 qui
425 1006 508 1059 crant
530 996 701 1059 Antiochiae
727 1002 757 1057 in
783 1001 854 1060 urbe
877 981 1002 1060 Pisidica
1027 1003 1173 1075 apostolus
1196 1003 1385 1076 praedicavit,

211 1119 323 1163 omnem
353 1103 502 1162 historiam
524 1104 700 1162 Judaeorum
722 1104 911 1162 revocandam
941 1121 1008 1164 esse
1038 1105 1076 1163 ad
1105 1106 1204 1164 Jesum
1233 1110 1386 1180 mortuum,

211 1207 298 1265 immo
321 1207 429 1280 vivum,
451 1223 504 1278 per
527 1222 612 1279 quem
633 1208 762 1264 remissio
785 1213 970 1280 peccatorum
992 1209 1139 1271 mrntietur
1161 1226 1187 1267 v.
1212 1210 1252 1267 38
1276 1215 1305 1267 et
1326 1210 1387 1268 vita

213 1315 333 1371 aeterna
360 1328 385 1371 v.
413 1309 463 1367 46.
512 1309 681 1369 Praedicari
714 1327 783 1369 uero
811 1304 862 1371 τὸν
892 1304 978 1391 λόγον
1003 1312 1058 1392 τῆς
1084 1308 1234 1393 σωτηρίας
1263 1307 1385 1392 ταύτης,

211 1414 305 1487 primo
325 1412 444 1470 iudaeis
462 1429 490 1473 v.
513 1413 578 1485 26„
606 1412 708 1471 deinde
735 1412 888 1485 gentilibus
915 1432 940 1473 v.
962 1414 1002 1473 46
1026 1431 1061 1472 ex
1080 1415 1136 1474 Dei
1161 1417 1269 1487 gratia3
1289 1432 1386 1488 quam-

211 1532 294 1589 quam
318 1515 396 1573 enirn¹
415 1514 584 1573 vocabulum
606 1510 728 1596 χάριτος
750 1533 806 1574 non
828 1517 983 1575 adhibetur
1004 1519 1159 1590 (invenitur
1183 1523 1279 1576 autem
1296 1518 1343 1591 14,
1366 1519 1386 1575 3

211 1617 247 1679 cf.
269 1618 317 1691 15,
343 1615 409 1696 11),
437 1624 534 1677 tamen
561 1635 609 1676 res
631 1617 804 1677 describitur
825 1637 851 1680 v.
875 1620 930 1682 39:
954 1615 1185 1704 discriminet<
1208 1613 1223 1681 ὁ
1244 1615 1388 1682 πιστεύων

211 1721 385 1783 δικαιοῦται
429 1720 634 1802 Δικαιωὶιῆναι
660 1722 770 1781 scilicet
797 1722 911 1781 additur
938 1723 1080 1782 hominem
1112 1717 1172 1784 ἀπὸ
1201 1717 1321 1784 πάντων
1349 1724 1386 1781 ab

106 1904 109 1909 θ
211 1825 341 1884 omnibus
363 1841 435 1897 quae
455 1825 585 1896 justitiae
600 1824 755 1883 obstabant
768 1806 895 1899 peccatis
910 1824 957 1901 (cf.
969 1843 1033 1898 pag.
1047 1827 1086 1885 29
1098 1825 1156 1902 ss),
1181 1826 1257 1900 quod
1271 1827 1387 1900 quidem

211 1927 275 1986 fieri
290 1943 345 1986 non
359 1929 487 2001 potuerit
501 1928 564 2000 lege
575 1927 703 1986 Μυσαίου
718 1928 763 1986 vel
774 1929 852 1987 intra
863 1929 1000 1987 terminos
1012 1929 1084 2002 legis
1098 1929 1247 1987 Mosaicac
1260 1928 1308 2003 (of.
1320 1947 1386 2002 pag.

212 2032 250 2090 21
267 2032 314 2106 a),
335 2031 385 2088 ned
401 2030 454 2089 fiat
467 2032 497 2088 in
512 2029 640 2103 Christo,
656 2031 708 2088 sub
724 2031 891 2091 condicione
906 2030 988 2090 fidei:
1003 2032 1065 2105 πᾶς
1080 2025 1095 2093 ὁ
1111 2026 1255 2093 πιστεύων
1270 2031 1386 2093 tunnet-

212 2153 272 2195 ται.
317 2134 402 2192 Fides
430 2134 584 2206 opponitur
610 2133 680 2206 legis
708 2134 856 2207 operibus3
885 2141 980 2193 tamen
1008 2136 1066 2193 tale
1094 2135 1202 2209 aliquid
1225 2142 1282 2207 est,
1310 2136 1388 2208 quod

213 2231 302 2310 agant
328 2236 469 2311 hominen,
499 2237 578 2294 velut
600 2253 616 2294 e
639 2237 783 2295 contrario
805 2237 909 2296 Judaei
937 2240 986 2311 qui
1013 2237 1098 2296 fidem
1126 2239 1270 2311 denegant
1297 2257 1323 2297 v.
1346 2240 1386 2297 46

212 2342 346 2400 dicuntur
377 2334 572 2411 ἀπωῖιεῖςῒιαι
601 2332 654 2401 τὸν
683 2333 769 2420 λόγον
797 2337 851 2400 τού
878 2338 960 2405 beot.
1016 2341 1098 2413 Quod
1133 2342 1158 2399 si
1189 2335 1314 2402 ἀπιστία
1342 2348 1389 2400 est

214 2444 393 2520 reprobati0,
424 2441 497 2501 fides
528 2448 572 2501 est
600 2444 676 2501 actio
708 2443 870 2517 accipiendi
901 2445 982 2503 verbi
1013 2445 1101 2504 divini
1128 2450 1157 2502 et
1185 2445 1331 2504 voluntate
1358 2450 1388 2502 et

215 2549 377 2624 cognitione
399 2563 425 2605 r.
450 2546 508 2618 27,
531 2544 566 2604 cf.
588 2562 655 2618 pag.
680 2546 698 2604 5
721 2563 743 2604 s.

298 2652 331 2710 In
361 2649 486 2710 secunda
518 2651 647 2708 oratione
681 2650 752 2723 (14,
789 2650 935 2727 15-17)
969 2651 1046 2724 apud
1077 2652 1198 2725 gentiles
1229 2651 1387 2725 Lystranos

212 2754 312 2815 habita
333 2754 400 2813 fidei
430 2755 536 2811 mentio
559 2770 616 2811 non
638 2752 683 2825 fit,
706 2753 756 2811 sed
779 2753 847 2826 quia
868 2754 904 2812 ab
926 2755 962 2812 iis
981 2755 1055 2812 sient
1071 2755 1108 2812 ab
1124 2755 1253 2813 omnibus
1268 2755 1386 2815 homini·

213 2860 265 2919 bus
295 2857 380 2917 fidem
402 2857 559 2932 postulavit
580 2856 699 2928 Paulae,
728 2852 954 2916 describitur
975 2857 1062 2929 fideS,
1093 2875 1154 2917 esse
1184 2859 1293 2918 scilicet
1323 2875 1387 2917 eam

214 2964 349 3024 docemur
371 2961 514 3021 actionem
536 2960 679 3034 quandam
702 2960 863 3032 accipiendi
884 2961 942 3018 Dei
964 2963 1052 3036 ipsius
1076 2963 1145 3037 viri,
1168 2963 1307 3021 creatoris
1327 2979 1387 3020 om-

183 3040 187 3047 *
213 3069 291 3125 nium
321 3083 429 3137 rerum,
461 3081 534 3138 quae
564 3062 626 3121 fieri
655 3079 713 3120 non
743 3063 834 3135 possit
861 3064 1036 3137 diomede,
1070 3081 1155 3139 qnam
1184 3074 1216 3131 ut
1249 3070 1389 3124 conentur

214 3167 399 3252 ἐπιστρέφειν
421 3184 439 3227 a
454 3167 509 3226 diis
525 3166 605 3224 vanis
620 3165 657 3224 ad
671 3166 835 3238 veritatem,
860 3165 894 3224 cf.
915 3182 979 3241 pag.
998 3170 1015 3224 6
1032 3185 1053 3225 s.
1070 3168 1149 3238 Quae
1172 3167 1286 3242 quidem
1309 3171 1386 3228 actio

214 3275 355 3347 originem
369 3272 458 3330 habet
471 3272 500 3329 in
516 3287 565 3345 co,
586 3269 663 3343 quod
675 3270 754 3329 Deus
777 3287 836 3328 non
851 3264 1020 3353 ἀμάρτυρον
1043 3264 1150 3332 ἑαυτὸν
1172 3265 1290 3354 ἀφῆκεν
1315 3266 1389 3353 ἀγα-

214 3376 348 3458 ῗιουργῶν
366 3381 397 3435 et
417 3374 493 3449 quod
513 3391 587 3432 nunc
603 3367 854 3454 εὐαγγελιζόμενοι
877 3379 944 3433 sunt
966 3376 1027 3446 eJ‘us
1054 3376 1192 3449 apostoli,
1216 3374 1252 3437 cf.
1278 3393 1345 3449 pag.
1362 3376 1390 3434 7.

303 3480 348 3538 De
380 3473 764 3559 concilio{apostolorum1)
794 3494 851 3537 non
882 3494 954 3551 opus
985 3483 1029 3536 est
1059 3478 1169 3550 dicere;
1200 3480 1390 3551 nequeenim

142 3602 148 3616 ·
216 3584 252 3643 de
276 3583 364 3642 Paulo
387 3583 449 3657 ipso
472 3582 565 3654 capite
591 3581 639 3642 15.
667 3584 768 3654 aperte
796 3585 939 3657 narratur,
970 3587 1000 3638 et
1026 3583 1087 3654 eJus
1114 3581 1149 3639 de
1176 3583 1240 3655 lege
1268 3581 1305 3659 (v.
1331 3584 1391 3657 10),

217 3687 312 3760 gratia
334 3685 373 3762 (v.
397 3684 457 3763 11),
479 3684 535 3743 fide
559 3678 598 3766 (v.
619 3686 650 3759 9)
672 3685 814 3742 sententia
835 3683 920 3743 facile
942 3685 1163 3757 recognoscitur.
1205 3684 1300 3744 Minus
1322 3686 1392 3744 mihi

215 3789 331 3849 ridetur
352 3787 571 3860 negligendum,
594 3787 670 3860 quod
692 3787 798 3846 Paulus
814 3787 953 3862 Philippis
976 3788 1084 3846 custodi
1107 3805 1142 3846 ex
1164 3805 1199 3846 eo
1222 3790 1390 3862 quaerenti:

181 3920 183 3926 ·
215 3889 247 3955 τί
273 3912 311 3973 με
339 3891 384 3953 δεῖ
410 3895 528 3954 ποιεῖν
554 3886 604 3952 ἵνα
626 3888 729 3960 eoban
760 3890 922 3964 respondit:
953 3886 1109 3953 πίστευσον
1139 3885 1189 3952 ἐπὶ
1214 3886 1267 3953 τὸν
1292 3885 1390 3973 κύριον

305 4060 326 4130 ¹)
344 4061 383 4116 Cf.
396 4062 505 4126 Leclrlcr,
517 4060 574 4111 Das
585 4058 740 4125 apostolisclrc
753 4059 802 4108 und
813 4059 1029 4124 nacdapostoliscbe
1041 4059 1161 4112 Zeitoltcr.
1192 4058 1266 4112 1851.
1289 4080 1316 4125 p.
1328 4059 1389 4113 255.

216 4150 373 4216 Hilqcnscld,
393 4149 485 4198 Paulus
495 4148 545 4198 und
556 4147 594 4196 die
611 4145 739 4210 lbnpostel
752 4144 902 4212 (Zeitsclrrift
913 4149 963 4212 siti·
975 4146 1036 4196 nuiss.
1064 4145 1143 4219 Tdcol.
1158 4145 1235 4199 1862.
1263 4166 1288 4211 p.
1300 4146 1348 4196 101
1358 4167 1390 4200 ss.

218 4233 273 4286 205
285 4237 339 4300 sa).
357 4235 458 4300 Ewuld‚
480 4232 614 4284 Gascbiebte
625 4232 727 4296 remea,
747 4231 793 4299 VI,
812 4231 864 4282 469
875 4250 908 4287 ss.
928 4233 1067 4295 Hammath,
1081 4231 1186 4288 Neutest.
1199 4233 1390 4299 Zeitqcscdt'cltte,

219 4322 255 4377 II.
276 4319 353 4377 1872.
372 4321 474 4373 Abscdn.
493 4319 518 4373 8.
554 4319 764 4389 donabunt,11‚
784 4318 867 4373 Sdsa.
979 4386 983 4392 .
