3050 4848
634 307 845 368 -55-

153 479 299 538 abhorret.
345 478 425 548 Quae
449 477 524 535 enim
550 477 598 552 11,
624 478 638 533 1
665 477 750 535 datur
773 474 900 544 definitio
924 477 1073 535 notissima
1089 476 1174 553 (quae
1198 474 1327 536 definitio

152 598 209 640 non
232 584 288 657 est)
310 580 471 640 illustratur
493 597 539 652 eo,
562 579 639 652 quod
661 580 690 651 3,
716 580 754 637 14
786 580 921 652 legimus:
954 581 1111 654 participes
1141 596 1191 639 nos
1220 580 1328 640 Christi

153 683 245 743 factos
268 701 331 743 esse
354 700 400 756 eo,
424 682 499 758 quod
522 676 578 764 τὴν
600 675 695 764 ἀρχὴν
708 682 765 764 τῆς
778 674 970 756 ὑποστάσεως
986 680 1072 764 μέχρι
1086 680 1189 756 τελονς
1203 679 1328 762 βεβαίαν

153 782 370 868 κατάσχωμεν,
402 791 490 860 atque
513 804 539 847 v.
560 787 615 860 18,
646 787 752 845 nemini
766 786 859 845 Deum
885 786 1010 859 jurando
1031 788 1170 845 minatum
1204 803 1266 846 esse
1293 778 1327 847 τὸ
1380 778 1382 783 ’

156 885 198 972 μὴ
232 886 454 954 εἰσελεὺσεσῖιαι
480 937 486 950 .
511 937 517 950 .
542 891 597 948 nisi
630 893 694 962 τοῖς
730 883 944 971 άπειῖπήσασιν,
974 888 1010 950 cf.
1041 907 1066 952 v.
1100 890 1137 948 la
1176 883 1227 950 διὰ
1262 883 1328 952 άπι-

156 991 249 1055 στίαν.
293 993 400 1066 Qnodsi
427 988 525 1066 πίστις
545 994 596 1051 illa
622 985 786 1066 ὑπόστασις
803 998 846 1051 est
869 993 931 1067 (ll,
956 995 994 1068 1),
1021 993 1110 1052 babet
1131 992 1202 1053 fides
1225 987 1328 1075 ἀρχήν,

156 1114 240 1171 quam
264 1103 379 1170 oportet
402 1093 488 1177 με’χρι
516 1093 620 1169 τελονς
647 1099 813 1176 κατασχεῖν
836 1095 871 1154 ef.
895 1096 924 1167 4,
949 1097 1003 1167 14;
1029 1097 1076 1171 10,
1100 1096 1148 1154 35.
1188 1089 1330 1156 Ἀπιστία

157 1205 200 1258 est
227 1193 410 1281 ἁμαρτάνειν
432 1218 458 1261 v.
484 1199 541 1273 17,
558 1194 696 1263 άπειῖλεῖν
715 1199 750 1260 cf.
773 1199 802 1274 4,
828 1200 881 1277 11;
912 1200 999 1272 igitur
1027 1194 1126 1270 πίστις
1147 1197 1331 1258 oboedientia

158 1303 186 1375 5,
209 1305 241 1374 93
267 1305 313 1376 11,
336 1304 364 1362 8.
412 1303 557 1362 Debemus
585 1301 672 1361 fidem
703 1309 802 1362 tenere
833 1319 922 1375 usque
954 1302 993 1362 ad
1020 1302 1117 1361 finem:
1157 1302 1187 1360 in
1215 1303 1331 1360 actione

157 1406 239 1479 fidei,
266 1407 383 1465 tenendi
409 1407 519 1465 scilieet
546 1400 709 1468 ὑπόστασιν
737 1411 767 1464 et
793 1405 978 1478 oboediendi,
1009 1408 1127 1478 oportet
1153 1413 1331 1478 permanere.

158 1511 204 1568 Ex
226 1525 311 1568 versu
330 1512 377 1570 12.
394 1510 593 1582 intelhgimus,
609 1527 660 1569 cor
674 1510 796 1569 hominis
813 1510 919 1567 malum
933 1524 996 1567 esse
1011 1511 1132 1582 propter
1147 1500 1288 1569 ἀπιστίαν
1302 1505 1333 1570 ἐν

158 1613 201 1696 τῷ
224 1607 392 1694 ἀποστῆναι
414 1607 473 1675 άπὸ
496 1610 571 1676 buci>
587 1612 706 1689 ζῶντος,
723 1612 829 1671 bonum
844 1612 932 1685 igitur
946 1616 1067 1686 propter
1086 1610 1186 1690 fidem;
1208 1604 1341 1673 dulcata

160 1722 205 1775 est
225 1715 349 1776 deficere
372 1716 467 1774 aDeo
483 1716 547 1774 viro
563 1721 592 1774 et
613 1733 695 1794 vero,
720 1714 755 1776 cf.
781 1717 828 1789 10,
852 1716 880 1775 2.
903 1716 943 1795 38
958 1732 990 1787 s,
1012 1719 1057 1773 est
1072 1714 1146 1788 (cup.
1171 1716 1202 1790 6)
1224 1716 1333 1775 crimen

159 1822 255 1879 laesae
279 1820 452 1891 majestatis,
474 1815 573 1892 πίστις
597 1821 745 1878 conversio
767 1820 807 1878 ad
826 1819 920 1877 Deum
941 1834 1040 1877 verum
1063 1817 1099 1878 cf.
1118 1818 1165 1890 11,
1182 1819 1210 1878 0.
1255 1817 1335 1876 Nihil

160 1924 280 1998 prodest
292 1916 307 1985 ὑ
322 1917 410 2003 λόγος
424 1923 480 2004 τῆς
495 1917 590 2003 ἀκοῆς
604 1923 659 1981 nisi
674 1919 912 2005 συγκεκραμένος
922 1920 963 2001 τῇ
973 1917 1071 1982 πίστει
1082 1925 1146 1994 τοῖς
1158 1914 1334 1987 άκοὺσασινε

79 2055 91 2077 x
162 2023 261 2100 πίστις
284 2030 327 2085 est
347 2027 462 2085 interna
484 2027 581 2100 aliqua
613 2044 673 2100 res,
706 2043 866 2100 quaecum
891 2024 980 2084 verbo
1007 2023 1093 2084 debet
1114 2027 1196 2098 quasi
1221 2026 1336 2085 commi-

162 2132 251 2203 sceri,
270 2135 302 2188 ut
313 2129 474 2188 hominibus
490 2130 595 2203 prosit:
614 2130 756 2203 videmus,
780 2148 815 2189 ex
831 2135 925 2188 mente
940 2129 1061 2201 ejusqui
1074 2129 1224 2202 epistolam
1246 2131 1337 2201 scrip·
1392 2163 1398 2171 -

164 2235 244 2309 serit,
261 2233 403 2292 actionem
417 2234 570 2292 humanam
586 2234 665 2292 verbi
681 2233 843 2292 assumendi
858 2230 944 2292 fidem
958 2231 1054 2292 fuisse.
1098 2231 1171 2290 Fide
1186 2248 1255 2291 vero
1270 2248 1336 2306 par·

164 2338 269 2410 ticipes
292 2336 398 2395 Christi
419 2335 491 2394 finnt
512 2337 641 2394 homines
667 2334 767 2395 fideles
790 2336 881 2408 3,.14
910 2334 946 2396 cf.
970 2336 998 2408 4,
1021 2336 1054 2406 33
1085 2335 1131 2408 10,
1155 2336 1208 2413 38;
1238 2336 1284 2408 11,
1307 2336 1337 2394 4.

166 2444 227 2502 fia.
250 2440 277 2499 7.
322 2439 458 2512 Accedit,
486 2438 562 2512 quod
592 2439 687 2512 gratia
715 2440 770 2498 Dei
801 2439 870 2498 satis
902 2444 1032 2513 urgetur,
1058 2437 1094 2498 of.
1117 2439 1145 2513 4,
1171 2440 1232 2512 16.,
1262 2439 1338 2514 quod

164 2542 228 2600 finis
242 2543 314 2616 legis
328 2543 433 2615 ubique
449 2542 479 2599 iu
495 2542 617 2615 epistola
634 2541 818 2617 describitur,
835 2540 869 2604 cf.
887 2543 914 2615 2,
931 2543 949 2601 2
965 2559 1012 2621 ss.;
1028 2530 1057 2616 7,
1076 2544 1113 2600 16
1129 2559 1176 2615 ss.;
1195 2544 1242 2615 10,
1259 2543 1274 2601 1
1292 2543 1339 2615 ελ,

166 2645 240 2718 qnod
270 2645 392 2718 denique
425 2645 540 2716 objecta
569 2643 638 2703 fidei
670 2645 846 2705 christianae
877 2646 1106 2719 praeclarissime
1130 2645 1339 2720 describuntur,

165 2765 258 2822 neque
274 2748 329 2808 hoc
349 2748 464 2822 quidem
479 2748 645 2824 negligitur,
661 2765 784 2822 eaquae
800 2748 954 2808 credantur
976 2749 1109 2823 opposita
1131 2749 1339 2824 quodammodo

166 2869 228 2910 esse
243 2854 278 2910 iis
293 2868 367 2924 quae
383 2856 537 2910 cernantur
551 2856 580 2911 et
595 2853 733 2927 sciantur,
759 2853 806 2926 11,
821 2853 847 2910 1.
864 2852 891 2913 7.
908 2852 937 2914 8.
963 2853 1010 2925 13,
1032 2851 1067 2911 cf.
1090 2869 1178 2927 supra
1199 2870 1263 2928 pag.
1288 2854 1338 2916 37.

251 2957 352 3029 Itaque
374 2972 431 3027 res,
458 2956 483 3012 si
505 2955 629 3014 notionis
651 2955 719 3014 fidei
743 2953 941 3017 definitionem
966 2957 1143 3030 respicimus
1166 2958 1242 3031 apud
1263 2959 1340 3017 hunc

167 3063 315 3118 auctorem
327 3059 426 3118 eadem
442 3065 487 3118 est
497 3064 583 3132 atque
597 3058 674 3133 apud
685 3060 814 3118 Paulum.
845 3058 902 3119 Sed
916 3058 1051 3120 differunt
1063 3061 1238 3133 ahquantum
1250 3063 1339 3135 scrip·

167 3163 285 3220 toresin
297 3163 424 3234 eJusdem
439 3165 482 3222 rei
498 3162 706 3228 describendae
721 3162 815 3223 modo.
860 3161 946 3221 Certe
967 3145 1157 3222 euim'eadem
1180 3180 1226 3224 res
1249 3164 1341 3224 diver·

168 3266 207 3323 sis
221 3264 313 3323 modis
329 3267 404 3325 solet
419 3266 555 3325 describi:
586 3267 685 3340 quidni
701 3265 786 3339 fides,
799 3282 856 3325 'res
867 3266 1039 3339 gravissima
1051 3271 1080 3325 et
1095 3266 1237 3326 maxima?
1266 3269 1340 3327 Pau·

168 3374 226 3432 lum
239 3385 273 3426 eo
285 3369 404 3427 vidimus
416 3368 569 3428 adductum
584 3369 679 3443 fuisse,
694 3376 725 3429 ut
740 3369 825 3429 fidem
841 3375 1002 3444 opponeret
1016 3370 1152 3444 operibus
1166 3371 1249 3445 legis,
1265 3373 1341 3433 unde

168 3472 327 3544 propositio
350 3472 411 3543 ejus
433 3473 597 3546 principalis
628 3472 694 3546 fuit,
722 3473 886 3532 fidemnon
909 3489 972 3532 esse
1002 3489 1072 3548 opus
1094 3474 1179 3551 legis,
1206 3475 1342 3536 sedeam

169 3574 291 3633 hominis
306 3576 461 3652 actionem,
477 3592 533 3649 qua
547 3577 602 3635 Dei
616 3577 712 3650 gratia
727 3576 830 3635 divinis
846 3577 953 3635 viribus
969 3578 1031 3636 sola
1053 3581 1158 3637 attola
1173 3579 1341 3654 accipiatur.

170 3678 198 3736 Is
213 3695 293 3751 vero,
309 3679 357 3751 qui
371 3679 524 3752 epistolam
539 3679 575 3739 ad
590 3679 738 3740 Hebraeos
753 3680 882 3754 scripsit,
898 3680 965 3753 quia
981 3696 1045 3739 cum
1061 3680 1221 3740 christianis
1242 3682 1341 3742 laban·

171 3782 247 3840 tibus
270 3784 319 3855 qui
348 3789 430 3843 erant
461 3799 497 3840 ex
523 3782 639 3844 Iudaeis
669 3785 695 3842 ei
721 3800 769 3844 res
785 3787 861 3857 erat,
880 3782 1104 3857 primoquidem
1118 3785 1343 3858 magnitudinem

172 3902 270 3944 earum
298 3903 394 3945 rerum
428 3886 568 3961 celebrat,
598 3903 668 3960 quas
700 3886 757 3947 fide
784 3887 928 3970 accipiant
958 3886 1117 3962 christiani,
1140 3888 1214 3946 unde
1237 3889 1343 3961 evenit,

171 3994 203 4046 ut
226 3994 255 4048 et
278 3982 439 4070 ὁμολογίαν
461 3990 498 4050 cf.
522 3991 551 4065 3,
576 3990 590 4047 1
627 3996 656 4048 et
690 3990 881 4062 cognitionem
908 3990 1124 4065 doctrinamque
1152 3989 1188 4052 ef.
1216 3994 1244 4064 6,
1273 3994 1342 4051 lss.

175 4093 222 4166 10,
247 4092 300 4173 20;
326 4091 372 4166 11,
398 4096 415 4151 6
439 4087 512 4174 (ὅτι)
541 4100 656 4168 urgeat,
683 4094 854 4168 praesertim
882 4109 951 4153 vero
978 4092 1177 4153 certitudinem
1206 4096 1342 4171 postulet,

173 4196 266 4254 itaut
296 4213 353 4255 non
383 4196 469 4255 fidem
498 4198 588 4255 solum
618 4197 748 4256 habere
778 4192 978 4279 πληροφορίαν
1011 4196 1088 4256 dicat
1119 4198 1166 4271 10,
1198 4198 1260 4272 22,
1290 4198 1341 4257 sed

172 4296 263 4372 ipsam
285 4293 446 4363 ὑπόστασιν
468 4306 498 4359 et
513 4295 636 4382 ἔλεγχον
652 4318 727 4360 esse
743 4300 891 4360 describat
908 4301 955 4375 11,
972 4302 1011 4374 1.,
1025 4306 1176 4375 postquam
1194 4303 1241 4377 10,
1258 4301 1299 4359 38
1314 4318 1337 4364 s.
