3050 4848
614 316 826 375 ..15-

130 486 214 558 tiam,
241 485 318 544 velut
339 485 450 558 agendo
473 487 597 560 aliquem
620 484 751 544 obtinere
775 483 881 557 aliquid
904 482 1037 554 dicimus,
1066 488 1096 540 ct
1116 481 1195 553 fons,
1217 480 1306 555 siqni-

131 590 198 649 dem
219 589 373 663 perillam
395 589 484 648 solam
507 589 649 647 actionem
669 587 783 660 justitia
803 588 832 644 in
854 587 998 645 hominem
1017 584 1111 643 effluit
1125 584 1254 657 quamvis
1276 585 1306 642 in

131 694 196 767 ipsa
216 690 273 751 fide
295 708 352 751 non
374 697 440 751 orta
461 692 507 763 sit,
529 693 661 750 sicutne
684 706 758 765 aqna
779 689 895 764 quidem
917 689 948 746 in
969 687 1049 747 fonte
1070 688 1173 762 oritur,
1196 685 1248 746 sed
1270 702 1306 745 ex

131 791 210 854 fonte
233 794 396 855 hominibus
418 793 526 866 effluit3
549 811 606 853 non
629 795 717 868 igitur
738 797 869 867 negatur,
891 790 1019 850 ultimam
1042 807 1158 849 canmm
1173 806 1235 849 osse
1250 789 1308 848 Dei

132 899 265 972 gratiam.
310 897 433 957 Accedit
460 896 536 973 quod
563 898 711 972 apostolus
738 895 839 957 eodem
867 912 952 953 versu
978 893 1107 954 dissertis
1129 893 1220 952 utitor
1241 908 1308 951 rer-

131 1001 190 1059 bis:
209 994 279 1062 ’καὶ
300 993 390 1082 ἡμεῖς
412 994 637 1083 ἐπιστεύσαμεν,
668 995 719 1061 ἵνα
739 996 951 1080 δικαιωῖνῶμεν
972 996 1037 1060 κτλ
1081 995 1156 1070 Quid
1176 995 1231 1056 boc
1251 996 1315 1056 sibi·

131 1103 205 1180 vult,
240 1104 298 1162 nisi
332 1120 385 1163 nos
426 1109 457 1164 et
493 1104 572 1179 ipsos
598 1097 634 1166 τὸ
656 1096 803 1166 πιστεύειν
820 1118 892 1162 nna
925 1100 1049 1176 quadam
1085 1096 1198 1159 aetrbne
1229 1099 1308 1159 inoe-

130 1205 219 1281 pisse,
241 1222 277 1266 eo
298 1207 417 1266 consilio
439 1210 471 1266 nt
489 1206 562 1279 justi
583 1204 737 1267 fieremus?
774 1206 851 1265 Nam
873 1205 1016 1279 potuisset
1036 1203 1067 1263 in
1086 1202 1131 1288 τῷ
1151 1202 1309 1266 πιστεύσαι

131 1308 234 1383 aliquis
258 1309 408 1370 consilinm
430 1309 573 1384 habuisse,
596 1310 651 1370 nisi
673 1311 736 1385 ipse
750 1310 781 1368 in
797 1307 910 1384 agendo
924 1305 1045 1367 fnisset?
1073 1308 1169 1381 Atque
1186 1307 1210 1365 si
1223 1322 1309 1365 uersu

136 1411 184 1470 17.
214 1411 365 1479 christiani
387 1403 590 1472 describuntur
612 1412 769 1495 ζητοῦντες
788 1409 990 1493 &scrobium
1015 1408 1046 1472 ἐν
1067 1410 1194 1494 Χριστῷ,
1222 1425 1309 1484 quarn

132 1515 189 1574 alio
211 1516 275 1587 loco
298 1510 325 1577 oi
347 1510 537 1588 πιστεύοντες
558 1516 749 1591 appellentur,
776 1515 845 1590 quid
868 1516 923 1574 hoc
945 1515 1000 1574 sibi
1022 1516 1090 1587 vult,
1117 1515 1172 1574 nisi
1193 1514 1223 1572 iu
1245 1506 1308 1572 cre·

133 1616 227 1676 dendo
251 1633 315 1677 esse
338 1619 437 1699 ζητεῖν
459 1618 610 1694 quoddam,
633 1613 779 1682 πιστεύειν
801 1620 891 1693 igitur
914 1634 975 1677 esse
998 1621 1141 1677 actionem
1164 1617 1308 1691 quandam

132 1720 289 1780 volentium
298 1719 341 1797 ¹)?

221 1823 262 1883 Ut
283 1824 385 1883 melius
407 1841 468 1884 rern
491 1840 710 1902 cognoscamus,
743 1841 814 1900 opns
842 1831 886 1884 est
907 1841 1061 1899 quaerere,
1091 1824 1161 1900 quid
1187 1825 1225 1885 sit
1253 1825 1309 1898 lex,

138 1926 206 1999 quid
228 1927 284 1985 sint
307 1943 396 2000 opera
418 1929 498 2003 legis,
521 1928 590 2001 quid
612 1929 649 1987 sit
667 1928 782 2000 institia
804 1945 820 1987 e
844 1930 989 1989 sententia
1010 1929 1091 1988 Pauli
1114 1929 1245 2003 apostoli.

219 2028 344 2103 Legem
367 2030 480 2103 quidem
503 2030 661 2091 Mosaicam
683 2032 817 2106 intelligit
838 2033 985 2106 apostolus
1000 2029 1034 2108 ²).
1079 2033 1142 2092 Hoc
1165 2034 1309 2092 extentio

133 2135 162 2190 et
185 2136 287 2205 quarto
309 2134 405 2208 capite
428 2135 569 2208 epistolae
591 2135 630 2195 ad
651 2133 771 2194 Galatas
793 2133 828 2193 ct.
843 2135 927 2196 Rom.
944 2136 972 2208 2,
990 2136 1029 2195 1⁷
1045 2152 1081 2195 ss.
1104 2135 1176 2195 satis
1196 2138 1309 2211 perspi·

132 2234 216 2295 citur.
263 2235 397 2317 Quamvis
419 2238 490 2297 civis
515 2237 661 2298 Romanus
683 2239 762 2312 leges
788 2238 984 2312 reipublicae
1016 2256 1074 2299 non
1098 2239 1226 2312 potnerit
1251 2256 1309 2299 non

132 2338 263 2411 cognitas
285 2338 403 2414 habere,
431 2346 528 2402 tamen
557 2334 572 2402 ὁ
594 2336 686 2423 νόμος
711 2341 770 2400 sive
792 2335 883 2423 νόμος
908 2358 994 2402 sensu
1016 2343 1089 2417 legis
1111 2335 1178 2404 κατ’
1202 2334 1310 2424 siagria

131 2439 239 2500 homini
261 2441 414 2502 Israelitae
437 2445 498 2502 sola
512 2444 644 2503 Moesica
666 2444 713 2503 lex
735 2444 798 2517 fuit,
821 2445 954 2519 quoniam
976 2445 1044 2505 illae
1065 2444 1142 2519 leges
1157 2444 1309 2505 advenam

131 2543 301 2617 religionem
331 2547 446 2605 omnino
468 2564 525 2607 non
547 2547 743 2621 pertinebant,
775 2552 815 2621 ut,
838 2548 862 2606 si
885 2546 922 2607 de
944 2548 1085 2623 religione
1106 2546 1307 2608 disserebatur

130 2661 167 2704 ne
189 2647 325 2721 conjungi
347 2648 463 2722 quidem
487 2666 550 2709 cum
565 2650 695 2710 Mosaica
712 2654 839 2724 possent.
876 2650 985 2710 Contra
1007 2652 1078 2710 satis
1100 2655 1222 2726 constat,
1245 2650 1309 2710 bio-

131 2748 237 2808 saicam
261 2750 356 2823 legem
378 2751 607 2812 Pharisaeos-
632 2753 738 2812 Paulas
759 2755 822 2829 ipse
844 2754 929 2813 homo
951 2754 1124 2814 Pharisaeus
1146 2753 1242 2815 inerat
1263 2759 1307 2814 at-

131 2868 187 2925 que
212 2869 276 2911 cum
298 2853 464 2915 Pharisaeis
487 2857 513 2915 ei
536 2858 571 2915 lis
593 2858 670 2916 erati
699 2890 736 2900 -
766 2862 796 2916 et
817 2856 957 2931 plurimos
979 2863 1091 2918 ceteros
1113 2857 1238 2917 ludaeos
1259 2873 1305 2918 so·

130 2953 190 3012 lurn
204 2952 311 3016 fontem
324 2958 423 3018 salotis
438 2965 469 3017 et
479 2976 608 3019 normam
621 2961 708 3019 totius
720 2961 867 3036 religionis
879 2960 1032 3033 censuisse,
1048 2960 1123 3035 quod
1138 2961 1252 3036 quidem
1269 2977 1305 3020 ex

130 3053 298 3134 Schucreri
319 3061 395 3121 libro
422 3064 468 3122 oni
494 3063 661 3123 inscribitur
694 3058 1026 3139 „Neutcstomeutlc‘cbe
1049 3058 1307 3142 Zeitgcacbc'cbte“

132 3166 161 3220 et
172 3180 209 3221 ex
220 3163 282 3223 aliis
298 3165 437 3238 ejusmodi
451 3165 532 3226 libris
546 3168 621 3227 bene
636 3168 757 3241 intelligi
772 3173 875 3241 potest
905 3167 1073 3241 Ubicunque
1088 3168 1176 3242 igitar
1190 3166 1227 3226 de
1243 3167 1307 3241 lege

130 3264 237 3325 Paulus
259 3256 406 3341 apostolas
429 3268 511 3343 dicit,
534 3271 588 3330 nisi
609 3273 670 3346 ipse
692 3270 771 3329 alind
794 3270 901 3346 cliqnid
922 3270 1045 3343 indicat,
1073 3287 1188 3345 semper
1210 3270 1303 3349 legem

130 3368 287 3447 Mosaicam
309 3373 413 3446 sentit,
435 3372 472 3431 de
494 3390 550 3448 qua
572 3373 686 3448 quidem
709 3375 770 3433 sine
794 3373 880 3434 dnbio
894 3390 952 3433 non
966 3380 1025 3434 tom
1040 3374 1130 3434 multa
1144 3372 1309 3448 scripsisset

131 3487 222 3545 neque
244 3474 485 3549 praedicarisset,
513 3478 568 3536 nisi
596 3476 697 3536 ludaei
726 3494 756 3536 se
784 3478 811 3536 ei
838 3479 1047 3552 opposuissent.
1092 3475 1177 3536 Unde
1206 3476 1311 3546 evenit,

130 3579 163 3632 ut
186 3577 266 3636 notio
288 3578 377 3652 legis,
399 3585 432 3638 ut
453 3580 571 3640 omnino
592 3581 731 3655 epistolae
754 3580 891 3641 Paulinae
913 3582 1038 3655 majores
1057 3580 1190 3655 apauoie
1205 3579 1309 3638 civium

220 3797 238 3867 ¹)
258 3797 396 3866 Quomodo
414 3813 478 3853 vero
490 3799 613 3854 uolentes
625 3799 701 3870 fiant,
718 3798 791 3855 intra
808 3799 996 3870 explicabitur.
1011 3827 1044 3839 -
1058 3796 1079 3864 ²)
1098 3798 1238 3864 Pfletderer,
1256 3796 1274 3852 l.
1287 3811 1310 3851 c.

129 3897 155 3952 p.
175 3882 216 3938 69.
252 3886 352 3954 Immcr,
378 3884 396 3939 l.
419 3900 441 3939 c.
459 3902 486 3954 p.
509 3883 567 3956 277,
594 3895 668 3942 recte
689 3886 852 3955 sijnngens:
882 3887 932 3937 and
948 3904 1014 3937 zuar
1030 3886 1088 3936 elue
1110 3884 1311 3949 Uaramteidaog

130 3958 177 4020 ἀπ’
192 3971 349 4022 Ceremombl-
366 3972 417 4021 aad
433 3970 618 4038 Sittenqeretzea.
649 3971 728 4040 Quod
745 3972 767 4026 sl
782 3976 811 4025 F.
823 3972 849 4025 C.
865 3972 936 4023 Bauer
954 3971 998 4039 (cf.
1012 3971 1121 4040 Paulus,
1139 3969 1182 4025 ed.
1200 3970 1235 4040 ll,
1252 3976 1272 4024 t.
1286 3970 1311 4038 2,

128 4071 156 4125 p,
175 4055 226 4110 208
243 4071 295 4125 ss.;
313 4056 395 4112 Neut.
408 4056 503 4111 Theoi.
521 4074 547 4126 p.
561 4058 612 4112 149
622 4060 670 4126 ss.)
688 4059 842 4114 accuratius
859 4059 1065 4125 observarisset‚
1082 4055 1196 4111 tortasse
1208 4056 1311 4111 bellurn

129 4141 196 4196 illud
215 4142 490 4198 Paulino-Jacobeum
513 4158 566 4196 non
587 4151 692 4199 tautum
715 4153 826 4214 umque
844 4145 992 4199 vehemens
1014 4143 1098 4198 fuisse
1116 4141 1310 4197 contendisset.

131 4228 230 4283 Baurio
249 4246 313 4285 vero
331 4229 358 4282 in
376 4229 485 4283 notione
503 4228 571 4298 legis
588 4229 767 4299 intelligenda
779 4232 913 4287 consentit
926 4229 1041 4282 Neunder
1061 4228 1156 4296 (tieret.
1170 4230 1212 4280 der
1225 4227 1310 4290 Psina-

130 4332 200 4381 τινες,
219 4314 297 4382 1862,
312 4334 339 4382 p.
359 4314 433 4381 505).
1123 4313 1125 4317 ’
