3050 4848
711 302 923 366 ..42-

216 471 360 557 quidem,
383 471 434 530 sed
455 475 521 545 post
539 470 775 544 justificationem
797 473 834 533 ab
856 472 970 532 homine
991 476 1118 548 pereatis
1141 475 1269 534 remissis
1292 479 1322 534 et
1338 476 1404 534 virl-

234 574 287 634 bos
314 574 415 633 divinia
441 574 516 634 datis
538 575 630 649 possit
654 574 809 635 observari.
846 575 953 651 Legem
975 577 1132 636 Mosaieam
1158 578 1285 649 sustulit;
1311 578 1404 653 ipsum
1511 618 1512 623 κ

232 654 402 750 deoslbgum
425 677 505 736 Rom.
531 679 577 751 13,
604 679 719 740 8-10
746 678 902 738 clarissime
924 679 1036 754 redegit
1056 680 1087 738 in
1116 697 1201 739 unum
1231 683 1405 754 postulatum

200 778 202 785 ’
234 780 348 842 amoris.
393 780 501 840 Tamen
523 777 685 840 libertatem
708 797 771 840 oum
791 781 959 842 libidinibus
980 798 1039 841 non
1066 783 1226 875 conlundit3
1253 785 1339 843 immo
1361 803 1405 845 ex

233 884 297 958 ipsa
318 882 386 943 fidei
408 885 524 943 notione
547 883 661 956 singula
683 880 779 944 offioia
800 885 897 944 haurit
919 886 1075 960 apostolus.
1129 887 1195 947 Non
1224 887 1311 947 debet
1342 889 1405 962 qui-

234 986 300 1046 dem
321 987 406 1046 bomo
428 987 591 1061 praereptis
613 991 643 1046 et
664 986 774 1061 legibus
797 989 863 1047 ullis
884 989 1021 1049 oboedire
1043 991 1086 1048 ita
1107 995 1138 1048 ut
1159 990 1195 1048 iis
1217 990 1405 1051 observandis
1513 1002 1514 1037 1

219 1094 434 1178 ¹promereatur
455 1088 607 1163 quidquem
634 1106 731 1148 coram
752 1091 829 1172 naq
855 1092 906 1150 sed
926 1092 993 1150 ont
1014 1092 1160 1152 liberrime
1186 1093 1403 1153 Dei'observa-
1513 1086 1514 1107 l

231 1210 265 1253 re
295 1193 482 1266 voluntatem,
513 1192 580 1266 quin
610 1209 667 1252 non
701 1188 798 1267 potest
829 1195 897 1268 quin
926 1195 1068 1257 observet.
1117 1197 1251 1256 Peooatis
1279 1197 1404 1261 remissie
1513 1244 1514 1251 ,

232 1298 316 1357 horno
344 1295 438 1357 fidelis
467 1295 569 1355 vitabit
598 1298 694 1356 omnia
724 1313 797 1372 quae
827 1302 1140 1380 statumpecoatorum
1161 1301 1335 1385 restituent,
1352 1301 1405 1360 sub
1513 1274 1514 1337 ἦ

233 1401 454 1462 dominationem
469 1399 566 1459 mundi
581 1416 646 1462 eum
661 1396 808 1476 reducent,
821 1417 935 1488 earnem
947 1389 1184 1461 corroborabunt.
1214 1403 1288 1474 Quia
1302 1402 1405 1463 deinde

232 1504 269 1564 ed
291 1505 381 1563 Deum
411 1502 599 1564 oboedienter
629 1520 660 1562 se
691 1505 834 1565 convertit
855 1505 949 1563 virum
970 1510 1000 1563 et
1022 1521 1133 1577 verum,
1156 1511 1192 1564 'ex
1214 1506 1352 1564 institutis
1374 1512 1405 1565 et

232 1608 313 1684 donis
344 1606 445 1666 divinis
473 1612 625 1682 cognoscet
654 1607 740 1666 homo
768 1607 875 1681 fidelis,
906 1608 974 1682 quid
1006 1608 1086 1668 Deus
1116 1609 1193 1671 velit.
1239 1609 1315 1695 Quia
1333 1607 1405 1668 fides
1513 1628 1514 1683 q

233 1711 308 1770 actio
330 1689 560 1783 ipsius‘hominis
582 1716 634 1783 est,
656 1727 712 1769 non
735 1715 832 1784 potest
853 1711 938 1770 homo
961 1727 1049 1784 agere
1070 1711 1127 1770 nisi
1144 1707 1300 1771 seeundum
1322 1729 1405 1770 suam

233 1814 423 1887 cognitionem
446 1818 476 1872 et
497 1814 708 1872 conscientiam.
722 1811 747 1890 1)
793 1813 866 1885 Quia
887 1815 963 1873 inter
984 1814 1054 1873 alios
1076 1814 1205 1873 homines
1234 1820 1320 1888 atque
1348 1813 1406 1872 fra-

232 1921 292 1977 tres
313 1915 412 1976 fideles
426 1922 568 1989 versetur,
592 1932 649 1975 non
671 1915 795 1990 sibiipsi
814 1918 880 1991 soli,
904 1916 955 1976 sed
977 1917 1012 1975 iis
1033 1918 1129 1991 potius
1151 1918 1293 1991 proderit,
1317 1923 1403 1976 utet

144 2099 145 2103 Ἰ
232 2021 289 2095 ipsi
320 2020 450 2079 omnibus
478 2021 508 2079 in
536 2019 621 2078 rebus
651 1997 763 2093 possuit
785 2020 848 2079 Deo
880 2020 998 2082 servire.
1043 2015 1117 2094 Qua,
1137 2037 1169 2079 re
1192 2021 1261 2079 dieit
1282 2021 1405 2079 Paulus:

232 2119 334 2186 πάντα
356 2143 405 2204 μοι
427 2118 554 2199 ἔξεστιν,
578 2108 628 2182 sed
651 2122 743 2181 addit:
775 2117 837 2185 ἀλλ’
857 2117 889 2185 οὐ
911 2117 1014 2185 πάντα
1029 2121 1182 2205 συμφέρει,
1198 2124 1220 2187 Ι.
1237 2123 1302 2186 Gor.
1320 2126 1348 2196 6,
1366 2125 1407 2185 12

232 2225 1407 2306 11.10,23;9,22;7,5.35;8,9.13;9,12.19;11111.14,1311;

232 2331 270 2392 11.
293 2330 359 2391 Cor.
382 2332 411 2403 8,
436 2332 483 2388 10.
509 2330 547 2391 13
564 2346 606 2407 ss;
629 2327 657 2402 4,
667 2331 705 2401 '23
729 2330 757 2403 5,
776 2330 824 2391 11.
867 2323 911 2391 Τὸ
929 2326 1076 2411 συμφέρον
1091 2345 1203 2403 semper
1217 2329 1407 2403 spectandum

196 2465 211 2515 '.
233 2439 278 2493 est
298 2417 428 2493 fidelibus
451 2433 533 2493 Rom.
559 2427 617 2504 12,
629 2434 689 2504 11),
711 2431 822 2491 seilicet
844 2449 900 2506 qua
914 2449 946 2491 re
962 2431 1149 2491 aedificentur
1163 2431 1228 2506 ipsi‘
1244 2436 1274 2490 et
1299 2432 1407 2491 tratres

156 2522 158 2527 ’
231 2537 270 2597 ΙΙ.
293 2535 358 2598 (lor.
385 2538 432 2607 12,
457 2526 504 2594 19.
547 2536 648 2609 ltaque
671 2552 707 2595 err
721 2552 780 2594 sua
794 2534 882 2609 ipsius
898 2534 1033 2595 libertate
1058 2536 1142 2594 horno
1157 2534 1250 2594 fidelis
1266 2551 1296 2595 se
1312 2537 1406 2610 ipsum

233 2643 357 2700 coercet.
401 2639 496 2714 Atque
518 2641 585 2714 quia
607 2639 701 2700 adhuc
722 2641 751 2698 in
774 2656 879 2712 „earne
905 2640 1034 2714 peeoati“
1057 2640 1137 2716 vivit,
1159 2639 1321 2698 libertatem
1347 2655 1407 2697 non

233 2759 346 2817 semper
368 2739 515 2818 intelligit3
546 2760 581 2803 ea
603 2744 675 2818 quae
699 2738 915 2818 volt‘tanquam
934 2745 1040 2817 justus,
1063 2760 1150 2817 saepe
1170 2760 1228 2801 non
1250 2742 1310 2801 vult
1325 2748 1406 2802 vetus

233 2847 294 2918 eJus
309 2840 373 2926 ἐγώ,
390 2863 478 2920 quare
493 2849 586 2922 legem
602 2847 744 2922 quandam
758 2846 813 2906 sibi
828 2847 884 2920 ipsi
900 2846 988 2907 debet
1002 2847 1215 2920 praescribere,
1235 2844 1271 2906 of.
1287 2846 1373 2907 R'om
1386 2846 1407 2904 7

233 2953 263 3007 et
283 2965 371 3023 supra
391 2968 419 3024 p.
441 2951 484 3010 40
499 2968 522 3011 s.
566 2951 725 3025 Unicuique
747 2954 843 3011 autem
869 2949 946 3028 (Gal.
970 2952 996 3024 6,
1019 2951 1054 3028 43
1086 2951 1169 3010 Rom.
1197 2949 1244 3021 14,
1270 2950 1320 3024 12)
1353 2964 1407 3007 sua

114 3034 116 3039 ’
232 3054 320 3128 ipsius
343 3049 505 3135 συνείδησις
527 3055 560 3128 (1.
583 3055 647 3116 cor.
670 3055 699 3126 a,
723 3053 799 3117 ref.
822 3054 850 3127 4,
873 3054 909 3126 4;
939 3055 986 3130 ro,
1010 3053 1060 3113 25.
1085 3055 1140 3124 19,
1170 3053 1206 3115 u.
1231 3051 1295 3111 eor.
1322 3053 1347 3124 1,
1366 3052 1406 3109 ra

234 3157 270 3216 ef.
292 3157 374 3218 Rom.
399 3158 447 3230 14,
470 3156 503 3228 5;
532 3158 575 3219 Π.’
594 3157 659 3216 Gor.
683 3160 710 3230 9,
733 3157 765 3234 7)
786 3158 815 3216 in
846 3158 965 3231 singulis
996 3157 1082 3216 rebus
1113 3157 1189 3216 viam
1217 3155 1405 3214 demonstret.

233 3260 347 3320 Deinde
370 3261 561 3335 respiciantur
583 3260 755 3320 charismata
777 3259 812 3339 (Ι.
836 3260 900 3320 Gor.
925 3261 952 3333 7,
976 3260 996 3318 7
1017 3257 1054 3320 11.
1080 3260 1126 3331 12,
1150 3259 1203 3335 27)
1225 3259 1407 3331 uniuscnjus-

234 3381 287 3437 que
310 3365 404 3438 (Rom.
430 3365 476 3437 12,
500 3366 583 3439 311.)
606 3370 635 3423 11
657 3381 759 3421 munus
781 3364 811 3422 in
834 3362 910 3437 quod
932 3371 1048 3422 vocatus
1072 3369 1115 3421 est
1130 3358 1166 3439 (1.
1182 3361 1248 3422 Gor.
1265 3362 1293 3437 7,
1313 3360 1351 3418 17
1367 3378 1405 3422 ss.

124 3482 131 3489 ·
235 3465 296 3543 24),
321 3467 395 3525 dona
411 3462 468 3525 Dei
489 3467 633 3526 naturalia
655 3468 687 3541 (l.
704 3467 769 3527 Cor.
785 3468 813 3540 7,
830 3468 869 3525 36
887 3483 922 3524 11.
938 3467 975 3525 Il.
991 3464 1057 3524 Gor.
1073 3467 1100 3538 8,
1120 3467 1169 3540 12)
1195 3470 1224 3523 11
1243 3463 1407 3538 spiritualia

234 3570 356 3646 (1011.
381 3573 433 3644 12;
462 3569 509 3642 14,
532 3566 587 3652 26)
610 3578 639 3630 11
660 3573 791 3649 instituta
814 3571 909 3666 divina
931 3565 1089 3650 (ὃιαταγαί
1103 3570 1185 3628 Rom.
1203 3558 1251 3640 13,
1269 3567 1310 3643 2),
1331 3567 1406 3625 sicut

106 3650 117 3670 ⁶
234 3674 332 3733 domus
347 3674 383 3750 (l.
398 3674 462 3733 Gor.
479 3675 520 3751 7),
535 3691 582 3733 res
597 3675 712 3748 publica
729 3674 822 3751 (Rom.
842 3674 889 3743 13,
908 3674 923 3730 1
940 3674 999 3747 11,),
1019 3673 1142 3730 ecelesia
1156 3673 1189 3745 (l.
1207 3670 1271 3732 Gor.
1290 3672 1338 3742 11,
1354 3671 1403 3729 22.

196 3852 199 3863 Χ
234 3778 372 3847 27-303
402 3778 461 3853 14).
504 3778 549 3837 Ex
575 3768 704 3837 omnibus
734 3777 776 3835 his
802 3776 887 3834 rebus
914 3776 1048 3834 eveniunt
1069 3775 1177 3834 homini
1200 3773 1276 3832 fidoli
1300 3771 1403 3846 officia,

233 3896 307 3955 quae
329 3880 489 3940 certissime
511 3884 565 3940 seit
586 3880 731 3954 implenda
753 3879 807 3937 sibi
830 3896 906 3937 esse:
938 3871 1055 3960 ἀνάγκη
1087 3871 1144 3960 γάρ
1178 3897 1228 3959 μοι
1254 3873 1404 3938 ἐπίκειται

232 3984 326 4058 inquit
355 3984 461 4043 Paulus
483 3985 505 4043 l.
529 3985 594 4045 Cor.
619 3987 646 4056 9,
672 3986 718 4044 16.
764 3963 922 4055 Quibusin
944 3983 1030 4041 rebus
1052 3984 1076 4042 si
1107 3983 1248 4041 voluntati
1270 3982 1327 4039 Dei
1349 3979 1404 4038 sibi

224 4087 400 4162 propositae
430 4094 526 4162 paret,
556 4087 642 4147 fidem
672 4085 806 4162 praebet,
838 4079 943 4159 πιστός
973 4092 1017 4144 111
1038 4087 1061 4148 Ι.
1084 4087 1147 4146 Gor.
1170 4085 1198 4156 4,
1215 4062 1261 4161 '2.,
1284 4078 1404 4164 ἔννομος

167 4232 170 4241 r
233 4224 436 4239 m*—

320 4309 340 4385 t)
358 4309 398 4366 (if.
418 4310 450 4366 R.
468 4311 605 4380 Hosmoaa,
623 4310 672 4361 Die
690 4310 767 4363 Lebre
784 4300 828 4362 oon
846 4310 897 4360 dem
917 4307 1040 4372 Gewirran,
1061 4306 1137 4372 1866,
1151 4325 1177 4374 p.
1198 4304 1233 4356 35
1244 4323 1276 4357 aa.
