3050 4848
703 280 913 342 ..13-

214 457 377 514 nostrorum
397 456 478 512 reete
496 450 705 527 intelligantur.
750 449 871 526 Frigida
893 449 928 509 iis
951 450 1027 509 solet
1049 466 1113 508 esse
1135 449 1216 510 notio
1232 448 1316 526 legis,
1341 448 1411 523 qui¹
1463 443 1467 449 ’

216 557 270 615 sub
298 555 366 631 lege
394 573 454 614 non
484 555 613 631 fuerunt,
644 553 700 612 nisi
731 553 819 630 forte,
851 553 934 612 velut
954 553 1115 630 Lntherus,
1139 553 1260 613 ludaeis
1282 551 1391 612 similes

216 664 267 719 aut
297 660 334 718 ab
363 658 428 719 aliis
451 660 505 718 snb
535 659 629 733 legem
660 656 739 716 ducti
762 661 830 717 sunt
851 661 903 716 aut
924 656 1004 732 ipsos
1026 674 1058 716 se
1081 656 1109 715 ei
1131 657 1353 733 subjunxerunt.
1365 650 1392 736 1)

141 797 146 805 ·
216 763 289 822 Sunt
311 762 427 837 quidem
457 761 530 822 certi
552 760 667 836 quidam
702 759 771 838 loci,
795 761 900 835 quibus
923 760 1073 836 apostolus
1096 760 1155 819 alia
1177 760 1251 836 legis
1273 759 1394 819 notione

216 866 333 926 videtur
361 866 417 945 uti,
447 865 491 926 ita
521 882 605 941 vero,
636 870 668 923 ut
697 869 853 943 appareat,
876 881 978 924 vocem
1000 862 1074 938 legis
1096 863 1138 922 ihi
1160 881 1248 923 sensu
1269 863 1392 940 tropico,

214 988 275 1029 uon
306 969 439 1047 proprio,
471 966 618 1045 adhiberi,
649 972 682 1027 ut
709 967 747 1027 iis
768 966 839 1042 ipsis
861 967 934 1027 locis
957 966 1155 1044 confirmetur,
1179 984 1281 1028 vocem
1302 961 1393 1047 νόμον

216 1073 295 1149 apud
316 1074 439 1132 Paulum
462 1089 548 1130 sensu
563 1070 681 1147 proprio
696 1071 844 1130 notionem
859 1075 1025 1130 concretam
1040 1069 1115 1146 legis
1131 1070 1288 1147 Mosaieae,
1305 1086 1393 1128 sensu

216 1177 329 1253 tropico
350 1175 551 1236 tantummodo
574 1174 698 1233 aliorum
720 1174 915 1247 quorumlibet
937 1173 1160 1233 eonstitutorum
1183 1174 1230 1233 vel
1252 1173 1327 1249 legis
1343 1173 1392 1231 ab·
1500 1206 1501 1209 =

217 1285 344 1340 structae
376 1279 522 1339 notionem
552 1279 671 1337 habere.
716 1278 774 1337 Sed
804 1277 915 1353 negligi
946 1295 1002 1337 non
1034 1278 1135 1355 debet,
1158 1282 1276 1352 praeter
1299 1277 1393 1351 legem

217 1382 375 1442 Mosaieam
403 1382 520 1440 mullam
551 1380 639 1440 eliam
668 1378 763 1456 legem
792 1382 823 1440 in
853 1380 995 1457 religione
1024 1369 1132 1456 respici
1152 1380 1297 1456 potuisse;
1326 1379 1394 1437 inde

214 1486 325 1559 ¹factum
355 1490 412 1562 est,
443 1489 476 1544 ut
506 1486 571 1560 lege
593 1484 723 1544 Moscica
753 1485 872 1545 exclusa
894 1502 995 1567 ornnes
1017 1484 1092 1544 aliae
1115 1485 1209 1562 legeS,
1234 1502 1308 1557 quae
1338 1482 1394 1540 for·

218 1596 297 1650 tasse
319 1587 443 1663 proferri
464 1592 602 1666 possunt,
627 1589 764 1648 exclusae
787 1588 854 1648 sint.

302 1693 347 1751 De
369 1692 425 1750 hac
447 1693 512 1767 lege
536 1690 645 1768 duplici
668 1692 752 1752 modo
775 1690 884 1751 scribit.
930 1690 1069 1762 Queritur
1097 1691 1190 1767 primo
1218 1689 1254 1749 de
1277 1684 1395 1771 δουλείᾳ

218 1794 292 1870 legis
315 1795 380 1855 Gal.
403 1796 437 1867 43
472 1796 500 1873 5,
527 1797 557 1865 1;
589 1795 730 1872 explieat,
762 1813 827 1854 eam
857 1795 947 1854 multo
977 1799 1045 1871 post
1075 1790 1256 1876 ἐπαγγελίαν
1279 1791 1394 1852 venisse

220 1894 406 1981 (apocartbp
436 1901 465 1976 3,
500 1893 552 1979 19)
581 1916 676 1974 neque
707 1916 770 1958 eam
800 1916 886 1974 posse
918 1892 1043 1981 ἀκυροῦν
1073 1898 1137 1958 Cal.
1168 1899 1196 1976 3,
1232 1897 1269 1955 17
1285 1914 1335 1973 ss,
1359 1894 1397 1954 ad

219 2006 355 2083 στοιχεῖα
392 2003 444 2065 τοῦ
473 1997 587 2084 κόσμου
613 2002 807 2079 adnumerat,
823 2021 888 2062 cum
910 2002 992 2077 Agar
1014 2020 1100 2061 serva
1123 2004 1286 2078 comparat,
1311 2016 1396 2073 quam

220 2103 359 2184 ἐκβαλεῖν
380 2110 515 2182 oporteat
537 2105 602 2165 Gal.
625 2106 659 2178 43
689 2124 720 2165 se
743 2111 773 2164 et
802 2106 876 2165 alios
899 2106 1048 2181 apostolos
1070 2123 1135 2165 eam
1158 2103 1341 2180 dissolvisse,
1365 2120 1396 2161 se

219 2208 314 2285 ipsum
337 2215 416 2269 certe
438 2209 466 2269 ei
487 2213 631 2268 mortuum
647 2226 711 2269 esse
727 2209 792 2269 Gal.
809 2210 838 2286 2,
863 2209 899 2267 cf.
915 2211 1000 2269 Rom.
1017 2210 1046 2267 3.
1062 2209 1092 2267 4.
1110 2211 1145 2281 63
1167 2209 1190 2266 I.
1207 2207 1272 2268 Cor.
1289 2210 1317 2283 9,
1340 2208 1396 2277 203

219 2314 257 2371 Il.
281 2313 345 2373 Cor.
369 2315 398 2372 3.
443 2313 529 2372 Talia
550 2313 628 2388 apud
651 2331 716 2372 eum
738 2312 904 2388 legentibus
926 2313 957 2373 in
979 2312 1118 2372 memoria
1132 2310 1216 2370 nobis
1238 2310 1396 2370 tenendum

220 2420 277 2493 est,
313 2434 378 2476 eum
410 2415 582 2491 impugnare
617 2415 779 2476 doctrinam
810 2417 1005 2492 pharisaicam
1036 2432 1148 2492 eorum,
1183 2413 1232 2490 qui
1265 2432 1301 2472 ex
1330 2414 1396 2487 lege

220 2519 360 2578 volebant
381 2518 545 2579 hominihus
561 2518 668 2579 exoriri
682 2519 838 2596 justitiam.
882 2522 947 2580 Hoc
968 2524 1072 2597 negat,
1096 2536 1155 2579 non
1170 2517 1287 2578 omnino
1301 2517 1396 2592 legem

220 2621 308 2698 tollit,
343 2624 425 2682 Rom.
450 2624 478 2699 3,
503 2624 558 2700 31,
593 2624 646 2683 sed
680 2640 743 2683 eam
776 2641 862 2698 quam
896 2622 1058 2683 adversarii
1091 2622 1118 2681 ei
1147 2622 1316 2681 tribuebant
1338 2619 1397 2678 vim

220 2725 407 2800 praebendae
433 2726 566 2802 justitiae
596 2732 625 2787 et
654 2732 830 2803 potestatem
861 2726 1024 2803 imperandi
1062 2725 1227 2786 hominibus
1258 2729 1397 2795 tanquam

221 2827 323 2887 servis.
367 2828 441 2904 Legi
471 2830 515 2887 illi
543 2829 683 2890 vivebant
713 2832 794 2890 velut
824 2832 887 2891 Deo
919 2831 983 2891 Gal.
1017 2831 1044 2908 2,
1079 2831 1131 2908 193
1161 2828 1191 2888 in
1217 2829 1313 2902 legem
1336 2830 1399 2885 tota
1500 2860 1501 2905 l

222 2949 322 2991 eorum
344 2934 479 2993 voluntas
501 2951 532 2992 se
555 2932 702 3008 dirigebat
723 2926 779 2996 ὑπὸ
803 2928 892 3014 νόμον
906 2928 1058 2998 ἳνελόντων
1081 2922 1157 2993 εἶναι
1171 2934 1201 3008 4,
1219 2931 1275 3002 21;
1302 2945 1399 3002 quam·
1500 2920 1501 2977 1

222 3052 308 3109 quam
330 3035 385 3111 ipsi
409 3053 472 3095 eam
494 3054 552 3097 non
573 3036 734 3112 implebant
757 3037 853 3113 6,13,
877 3041 975 3095 tamen
990 3040 1143 3109 tantopere
1159 3050 1222 3092 eam
1238 3032 1398 3091 efferebant

221 3144 254 3199 ut
276 3138 422 3198 Christum
443 3141 555 3200 nollent
579 3156 739 3215 agnoscere
755 3144 785 3198 et
800 3157 871 3198 crux
887 3140 950 3215 ejus
970 3133 1136 3200 σκάνδαλον
1150 3134 1186 3195 iis
1202 3139 1280 3196 esset
1296 3135 1324 3211 5,
1345 3133 1397 3203 11;

222 3243 356 3319 11111119,
381 3243 432 3301 32.
477 3244 579 3316 ltaque
610 3238 839 3324 εἰδωλολατρεία
869 3241 1011 3317 quaedam
1044 3240 1148 3316 legalis
1171 3239 1248 3299 inter
1269 3220 1399 3297 ludaeos

223 3350 298 3422 erat,
314 3349 402 3418 atque
431 3346 467 3404 ab
483 3346 517 3405 iis
534 3346 674 3406 ecclesias
690 3345 865 3406 christianas
879 3344 1052 3421 invadebat,
1069 3348 1101 3403 ut
1115 3337 1150 3404 τὸ
1166 3338 1401 3424 περιτέμνεσ3α1

199 3465 270 3508 ¹res
301 3428 496 3507 confessionis
520 3448 617 3523 fieret3
655 3448 680 3507 si
708 3448 785 3508 enim
814 3449 918 3522 aliquis
949 3447 1223 3523 circumcidebatur,
1255 3444 1400 3505 Christum

223 3552 316 3611 solum
335 3552 448 3628 justum
475 3568 587 3611 senon
609 3553 747 3630 reddere,
772 3553 824 3612 sed
847 3553 934 3613 etiam
956 3554 1022 3628 lege
1038 3569 1111 3628 opus
1127 3568 1191 3610 esse
1207 3548 1401 3609 confitebatur

225 3654 289 3714 Gal.
313 3655 342 3732 2,
367 3657 420 3734 21,
445 3656 631 3728 quamobrem
658 3656 767 3716 Paulus
784 3656 812 3733 5,
830 3658 848 3716 2
865 3655 1010 3716 Christum
1025 3655 1061 3715 iis
1077 3655 1149 3714 nihil
1164 3652 1235 3712 dicit
1250 3651 1399 3728 prodesse,
1429 3730 1431 3733 Ι

224 3757 273 3831 qui
296 3758 548 3819 circumcidantur.
594 3761 689 3818 Deum
712 3777 782 3819 vero
805 3778 893 3818 unum
917 3778 979 3818 esse
1004 3763 1032 3838 3,
1057 3761 1111 3837 20,
1139 3756 1201 3817 fieri
1224 3773 1282 3815 non
1304 3771 1400 3832 posse,

315 3945 335 4014 ¹)
353 3945 447 4000 Liceat
465 3945 564 3999 afferre
581 3945 751 3999 enuntiatum
762 3944 907 4013 Hemanni,
927 3944 1000 4012 quod
1011 3945 1113 4012 legitur
1124 3942 1152 3996 in
1164 3941 1308 3993 Delzrzcclii
1319 3943 1401 4006 „daal

224 4033 276 4098 auf
291 4034 441 4097 Hoffnun9,“
460 4030 538 4096 1874,
552 4051 580 4097 p.
599 4030 671 4084 209:
696 4032 762 4096 „Die
780 4031 888 4097 Sprarde
904 4049 937 4080 an
955 4032 1000 4081 dea
1017 4033 1118 4098 bciliycn
1130 4029 1224 4080 Stdtleo
1235 4029 1278 4078 der
1295 4026 1402 4076 Christos

225 4118 288 4168 word
303 4118 384 4168 11111111
400 4118 538 4182 armathen,
557 4119 615 4167 duca
632 4119 666 4168 sie
684 4118 819 4168 beidoiscbe
836 4118 931 4182 Zwer‘qc
947 4119 1017 4183 subd,
1033 4135 1107 4183 ycqen
1129 4116 1167 4165 die
1180 4114 1262 4165 Natur
1279 4116 1331 4179 auf
1337 4114 1403 4164 einen

222 4204 350 4270 jddirebeo
371 4203 453 4268 Zweiy
474 4206 616 4271 qepfropjt5
635 4207 664 4270 je
686 4204 831 4254 erbauliobcr
864 4203 907 4253 der
928 4203 1026 4255 Redaer
1047 4201 1186 4266 1111ιαὶ1ιὶ,
1208 4203 1237 4267 je
1254 4201 1318 4250 mehr
1342 4198 1406 4251 wir-d

225 4309 269 4343 um
285 4292 338 4341 reia
351 4289 505 4355 poliltb'rcbec
523 4287 714 4341 schibboletth
732 4291 770 4341 die
790 4290 868 4341 Olorem
879 4292 989 4358 sallen.“
