3050 4848
726 347 853 415 —ao
896 304 946 393 -’

246 513 380 604 ἀλλήλων
405 514 446 584 τὰ
475 515 553 605 βάρη
580 515 761 602 βαστάζετε,
795 515 849 583 καὶ
880 515 972 595 οὕτως
994 516 1222 605 ἀναπληρώσετε
1243 516 1295 584 τὸν
1326 516 1421 604 νόμον
1502 580 1503 587 ,

244 624 297 687 τοῦ
311 624 440 708 Χριστοῦ
455 624 490 685 oi.
505 626 587 688 Rom.
603 627 650 700 13,
666 626 781 686 3-10.
811 625 917 685 Paulus
931 627 1026 699 legem
1042 626 1125 701 quasi
1138 642 1189 686 vas
1204 627 1290 686 inane
1301 626 1348 686 uel
1359 624 1421 685 fcr-

244 745 319 788 mam
337 731 451 790 inanem
470 729 541 789 dicit
556 746 618 789 esse
640 730 717 803 quod
739 729 776 789 ad
798 730 1001 804 extemaejm
1023 734 1181 804 praecepta
1202 730 1320 804 attinet,
1343 745 1421 803 qnae
1501 796 1504 809 ρ

244 833 358 908 quidem
371 833 495 894 debeant
507 833 622 909 impleri
635 849 731 894 amore
746 834 877 909 proximi.
899 833 963 892 Hoc
973 832 1062 907 igitur
1071 832 1184 892 videtur
1199 849 1261 893 esse
1277 850 1420 892 summum

243 933 398 1021 δικαίωμα
411 938 497 1012 legis,
512 937 571 996 tale
586 937 707 1012 scilicet,
724 939 809 1012 quale
823 938 888 1011 lege
903 936 1018 997 sublata
1032 940 1130 997 manet
1143 953 1236 1011 neque
1252 936 1420 996 christianis

243 1058 300 1101 non
317 1041 527 1103 observandum
549 1046 606 1118 cst,
629 1041 703 1102 unde
725 1029 830 1101 dicitur
851 1035 944 1123 νόμος
958 1040 1067 1101 Christi
1081 1039 1119 1100 cl.
1134 1040 1187 1101 Eu.
1203 1035 1270 1105 Job.
1289 1041 1337 1117 13,
1360 1039 1420 1112 343

246 1145 301 1220 15,
331 1146 386 1206 12:
413 1145 545 1204 Christus
573 1150 602 1204 at
627 1146 688 1219 ipse
717 1146 799 1218 quasi
819 1146 912 1219 legem
933 1144 1047 1204 dedisse
1069 1143 1184 1218 dicitur,
1206 1161 1270 1204 eam
1293 1143 1420 1218 quidem,

242 1255 274 1308 ut
295 1250 456 1326 proximum
478 1265 613 1308 amemus.
650 1249 715 1309 Huc
729 1264 799 1310 uero
814 1248 977 1308 addendum
993 1253 1051 1324 est,
1074 1247 1149 1324 quod
1164 1248 1228 1310 Gal.
1245 1250 1273 1322 6,
1291 1248 1417 1306 14-16

241 1371 273 1414 se
298 1355 391 1428 ipsum
414 1354 523 1435 Paulus
551 1353 622 1412 dicit
648 1369 706 1413 non
733 1354 852 1428 gloriari
877 1354 933 1413 uisi
956 1353 992 1412 de
1014 1368 1100 1412 cruce
1123 1351 1249 1424 Christi3
1278 1350 1418 1410 mundum

241 1457 298 1518 sibi
318 1456 485 1518 crucifixum
507 1475 571 1518 esse
593 1462 623 1516 ct
646 1474 677 1516 se
699 1457 818 1531 mundo;
848 1474 906 1518 uon
932 1458 1008 1518 enim
1036 1455 1280 1517 circumcisionem
1308 1455 1418 1529 aliquid

242 1579 304 1622 csse
327 1579 419 1638 nequo
441 1564 636 1637 praeputium,
663 1561 714 1622 sod
741 1577 845 1622 nouam
872 1565 1050 1633 creaturam
1077 1554 1131 1623 καὶ
1157 1553 1222 1621 ὅσοι
1247 1561 1291 1644 τῷ
1311 1554 1417 1622 κανόνι

240 1661 336 1750 τούτῳ
362 1666 540 1747 στοιχοῦσιν,
573 1660 671 1749 εἰρήνη
699 1660 741 1728 erl
771 1659 879 1741 αὐτούς
904 1666 969 1727 κτλ.
1022 1666 1078 1725 Hic
1105 1665 1193 1740 igitur
1222 1681 1347 1724 summus
1369 1669 1417 1723 est

239 1765 344 1846 κανών,
366 1777 398 1830 ut
419 1771 547 1846 Christo,
569 1776 601 1831 ut
616 1770 680 1831 Deo
699 1772 826 1832 vivamus
853 1776 884 1829 ct
898 1772 1064 1845 proximum
1084 1786 1225 1844 amemus,
1248 1769 1315 1842 quia
1336 1768 1415 1826 Dans

240 1875 321 1948 uclit;
346 1873 394 1934 hic
421 1880 467 1934 est
494 1890 594 1934 sensus
622 1874 750 1934 sublimis
777 1873 850 1950 legis
877 1873 1022 1934 Mosaitae
1050 1879 1080 1933 at
1109 1878 1258 1948 aeternus,
1287 1870 1323 1932 cf.
1350 1871 1415 1931 Gal.

242 1978 270 2052 5,
286 1979 351 2052 '133
373 1979 455 2039 Rom.
482 1980 511 2051 1,
537 1979 684 2056 19—323
713 1981 740 2052 7,
763 1978 818 2058 253
840 1978 895 2038 hoc
925 1983 970 2038 est
991 1977 1061 2037 illud
1083 1974 1210 2059 balapus
1234 1975 1309 2042 beot
1330 1977 1415 2037 Rom.

242 2082 275 2156 2,
311 2084 366 2162 18;
403 2083 457 2157 12,
488 2083 522 2157 2,
557 2082 633 2157 quod
662 2081 740 2142 Deus
770 2100 828 2143 non
854 2087 952 2158 potest
985 2084 1052 2157 quin
1075 2086 1186 2142 teneat
1215 2080 1279 2141 Gal.
1312 2082 1345 2159 6,
1377 2079 1415 2139 7:

240 2180 283 2268 μὴ
302 2184 478 2262 alaricis,
501 2180 577 2258 {teba
599 2179 632 2247 οὐ
647 2181 869 2269 μυκτηρίζεται.
914 2187 969 2247 Est
990 2187 1122 2246 voluntas
1144 2184 1285 2260 quaedam
1307 2184 1414 2261 divina,

240 2280 325 2364 quam
339 2290 420 2350 Deus
441 2291 598 2365 postulavit
617 2290 746 2364 postulat
769 2306 884 2365 semper
902 2289 1061 2365 postulabit
1080 2296 1112 2350 ut
1130 2289 1259 2350 homines
1275 2289 1415 2363 impleant

239 2395 323 2455 Rom.
347 2395 375 2469 2,
400 2395 495 2467 6-83
522 2394 559 2452 Π.
581 2393 647 2453 Cor.
670 2394 776 2473 5,,10.
821 2395 927 2455 Omnes
952 2395 1080 2455 homines
1109 2394 1170 2454 Gal.
1194 2395 1222 2467 3,
1245 2393 1302 2466 22;
1328 2393 1412 2454 Rom.

242 2498 268 2572 1,
286 2498 326 2555 18
341 2515 381 2570 ss;
398 2498 426 2571 3,
443 2499 461 2555 9
477 2514 514 2558 ss.
530 2497 597 2558 inde
619 2498 655 2557 ab
671 2497 783 2558 Adamo
799 2498 827 2572 5,
853 2499 891 2559 12
907 2516 943 2559 ss.
954 2500 988 2558 in
1009 2505 1129 2575 peccato
1145 2504 1175 2559 ct
1188 2500 1234 2558 ira
1247 2498 1303 2558 Dei
1321 2498 1347 2569 l,
1372 2497 1411 2555 18

239 2607 317 2675 sunt,
343 2601 411 2676 quia
436 2601 511 2660 hanc
537 2603 713 2661 uoluntatem
742 2619 799 2662 non
821 2603 1014 2677 impleuerant
1035 2619 1128 2679 neque
1149 2602 1277 2678 implent.
1308 2600 1361 2662 'Ut
1384 2604 1414 2659 et

239 2705 502 2780 meliusimpleant
525 2705 589 2767 Gal.
612 2707 641 2784 3,
667 2706 704 2765 19
729 2711 759 2767 ct
781 2723 811 2766 se
833 2724 892 2766 non
913 2708 1033 2781 implere
1056 2707 1271 2767 accuratissime
1294 2721 1414 2781 cognos-

240 2810 398 2870 cantRcm.
410 2810 437 2886 3,
457 2811 502 2868 19.
514 2810 563 2885 20,
579 2816 698 2884 peccato
714 2805 916 2894 παραβάσεων
930 2810 1052 2872 formam
1061 2811 1197 2871 induente
1206 2812 1289 2872 Rom.
1300 2811 1328 2883 5,
1341 2809 1377 2867 13
1389 2826 1413 2869 s.

240 2917 270 2972 et
288 2913 564 2988 transgressionibus
587 2914 645 2973 sive
667 2909 909 2997 superstitiosam
932 2918 1022 2976 auctis
1044 2912 1126 2978 Rom.
1150 2916 1179 2989 5,
1203 2916 1268 2987 20.,
1294 2913 1416 2974 ludaeis

238 3016 316 3079 Deus
338 3019 432 3092 legem
453 3018 591 3091 scriptam
614 3018 707 3092 dedit,
730 3035 788 3079 non
810 3024 947 3094 tanquam
970 3022 1148 3081 voluntatem
1171 3019 1250 3078 illam
1265 3017 1416 3078 sublimem

237 3122 344 3196 ipsam,
367 3121 418 3181 scd
440 3126 578 3195 tanquam
599 3119 720 3182 formam
742 3122 885 3197 quandam
909 3125 970 3196 eJ‘us
994 3125 1118 3201 tempori
1141 3128 1171 3183 ct
1199 3122 1280 3197 genti
1303 3137 1417 3181 accom-

238 3226 395 3300 modatam,
417 3230 450 3286 ut
470 3225 508 3285 ad
529 3226 706 3287 voluntatem
725 3226 805 3286 illam
820 3227 994 3303 implendam
1009 3228 1209 3290 educarentur.
1246 3226 1303 3286 Sed
1325 3226 1415 3285 ctiam

239 3329 371 3403 gentibus
398 3345 569 3404 quamquam
596 3330 735 3404 ejusmodi
760 3332 854 3406 legem
876 3333 1013 3407 scriptam
1035 3333 1160 3392 divinam
1181 3347 1238 3391 non
1260 3328 1418 3404 habebant,

238 3435 268 3492 in
290 3435 399 3494 animos
422 3440 452 3494 et
466 3435 670 3495 conscientiam
685 3433 807 3495 formam
826 3437 969 3517 quandam
991 3436 1067 3496 illius
1087 3436 1255 3510 voluntatis,
1278 3431 1415 3510 imperie-
1505 3416 1508 3433 ¹

238 3538 393 3623 ctissiman
416 3537 545 3615 quidem,
567 3539 656 3599 seuit.
702 3538 809 3612 olous
832 3538 976 3616 christus,
1000 3541 1118 3603 Juuaers
1141 3540 1233 3614 legem
1254 3518 1416 3600 mosaicam

238 3658 291 3716 pro
318 3642 375 3701 Dei
401 3642 549 3703 uoluntate
576 3660 686 3704 summa
711 3644 775 3717 ipsa
804 3646 994 3724 sumentibuS,
1023 3646 1117 3721 legem
1147 3643 1275 3719 sustulit,
1305 3647 1416 3703 certam

239 3745 382 3820 quandam
408 3746 585 3811 uoluntatem
607 3746 663 3806 Dei
691 3751 802 3807 tantum
829 3747 921 3808 abfuit
946 3755 980 3809 ut
1006 3749 1138 3826 tolleret,
1173 3755 1206 3809 ut
1239 3766 1301 3809 eam
1329 3765 1416 3823 aper-

239 3850 350 3909 tissime
380 3851 581 3926 proclamaret.
634 3850 719 3910 Unde
743 3846 794 3925 iit,
822 3864 853 3911 ut
874 3853 956 3915 Rom.
980 3855 1014 3931 3,
1044 3855 1085 3915 27
1113 3853 1149 3914 ci.
1172 3856 1205 3929 8,
1229 3856 1248 3915 2
1272 3847 1300 3932 (ὁ
1323 3848 1416 3934 νόμος

239 3953 292 4016 τοῦ
312 3947 482 4035 πνεύματος
502 3953 559 4037 τῆς
582 3953 671 4035 ζωῆς)
699 3955 756 4031 legi
788 3973 907 4030 operum
939 3965 1102 4034 opponatur
1133 3959 1179 4017 lex
1209 3957 1298 4043 fidei,
1324 3953 1415 4040 νόμος

239 4053 368 4131 πίστεως
380 4056 418 4136 1),
448 4057 553 4118 deinde
582 4063 614 4117 ut
642 4058 681 4118 ib.
703 4076 729 4119 v.
754 4060 803 4119 31.
838 4061 943 4122 Paulus
976 4062 1112 4136 affirmet,
1150 4079 1181 4123 se
1212 4057 1301 4145 νόμον
1336 4064 1414 4123 nolle
1466 4072 1470 4082 ’

238 4164 402 4244 καταρρεῖν
423 4156 474 4223 διὰ
494 4162 550 4243 τῆς
572 4157 714 4238 πίστεως,
741 4163 793 4222 sad
815 4159 951 4242 ἱστάνειν,
976 4165 1101 4240 denique
1122 4170 1155 4223 ut
1177 4167 1205 4240 2,
1230 4169 1267 4225 16
1290 4167 1414 4245 dicatur,

329 4368 348 4434 ¹)
367 4365 407 4420 cf.
426 4365 505 4430 Bour,
523 4366 624 4431 Paulos,
642 4365 679 4419 II.
694 4385 721 4433 p.
741 4365 802 4423 209.
