3050 4848
700 303 963 357 ,6-·

219 468 374 530 πιστεῦσαι
403 471 441 546 ΙΙ,
471 471 499 546 2,
527 472 562 529 11
592 471 629 530 cf.
655 472 702 529 12.
756 468 824 529 Sive
855 464 1107 549 6111111π1στ61611
1136 489 1173 529 ex
1203 470 1262 529 alia
1292 470 1392 544 aliqua

219 571 333 629 actione
357 576 408 630 aut
429 573 553 632 hominis
575 580 626 633 aut
648 573 703 631 Dei
725 573 855 641 nascitur
877 571 940 631 sive
962 571 1007 632 sui
1029 571 1119 648 ipsius
1142 578 1187 632 est
1209 573 1307 649 origoz
1338 572 1392 632 fuit

212 677 298 747 ‚certe
320 673 419 749 aliquo
442 682 572 752 tempore
603 682 632 736 61
660 675 759 750 aliquo
789 676 874 734 modo
904 674 1025 734 initium.
1071 674 1149 735 Satis
1171 680 1268 736 autem
1290 681 1391 751 aperte
1490 746 1492 755 Ι

218 796 247 834 1.
264 778 283 835 8
299 795 337 836 66.
362 778 398 835 ct'.
415 779 453 855 ll,
472 780 499 855 2,
520 780 556 837 13
574 780 753 855 declaratur,
774 778 922 838 notionem
937 775 1392 852 πίστεως116116611161161111111

218 879 299 938 illum
328 882 466 940 moralem
502 881 563 941 6116
594 881 730 941 virtutem
764 881 988 941 christianorum
1022 881 1183 958 continere,
1218 883 1270 942 scd
1304 882 1391 941 etium

218 982 330 1040 initium
360 983 437 1060 ejus,
469 984 614 1044 actionem
645 985 782 1044 videlicet
811 983 1046 1060 transgrediendi
1075 985 1113 1044 ad
1142 985 1223 1044 illum
1249 985 1390 1044 habitum.

169 1116 171 1121 ·
217 1085 322 1144 Ades
345 1086 433 1163 enim,
458 1106 533 1162 quae
556 1107 585 1146 1.
608 1091 628 1147 8
651 1089 687 1148 de
711 1087 805 1163 gloria
828 1093 857 1147 et
883 1088 970 1148 laude
997 1083 1127 1161 πίστεως
1149 1087 1390 1148 Thessalonicen-

218 1188 292 1247 sium
315 1188 458 1266 dicuntur,
482 1190 601 1250 additur
615 1211 643 1250 1.
661 1194 689 1250 9.
706 1192 852 1251 vocabulo
867 1186 924 1273 γάρ
940 1191 1099 1267 conjuncta
1113 1209 1178 1251 cum
1193 1191 1390 1251 antecedenti·

218 1293 274 1350 bus
308 1290 464 1367 descriptio
499 1294 621 1353 actionis
654 1294 903 1372 transgrediendi,
939 1294 1068 1370 ejusdem
1102 1312 1178 1369 quae
1206 1295 1270 1370 jam
1301 1314 1329 1353 v.
1361 1298 1389 1353 6.

220 1394 367 1471 descripta
391 1400 448 1473 est,
466 1402 498 1455 11
520 1404 677 1474 appareat,
701 1397 787 1456 fidem
802 1416 860 1456 uon
876 1399 969 1458 solum
985 1416 1050 1457 esse
1067 1396 1203 1457 virtutem
1218 1397 1320 1474 ipsam,
1338 1398 1390 1456 sed

219 1498 306 1557 etiam
328 1498 440 1558 initium
464 1500 539 1576 ejus:
572 1501 717 1560 actionem
739 1500 906 1561 assumendi
928 1500 1074 1576 evangelii
1096 1500 1212 1561 sive-
1231 1506 1330 1560 mutua
1346 1504 1391 1560 est

215 1602 361 1661 connexio
394 1638 430 1644 -
460 1603 596 1662 tradendi
623 1623 654 1662 66
669 1605 708 1664 ad
734 1605 932 1682 evangelium,
960 1603 1103 1680 siquidem
1126 1623 1190 1664 cum
1206 1603 1306 1663 dativo
1323 1623 1389 1664 eon-

214 1704 350 1782 jungitur
372 1706 527 1767 πιστεῦσαι
548 1708 587 1784 Π,
611 1708 640 1784 2,
666 1708 715 1765 11.
742 1709 790 1767 12.
845 1708 934 1767 Aliud
963 1727 1033 1767 vero
1063 1707 1217 1767 discrimen
1240 1707 1316 1766 inter
1337 1682 1416 1766 1166Ι

219 1808 293 1866 duas
314 1812 413 1883 partes
436 1809 562 1869 notionis
583 1810 652 1869 fidei
673 1829 732 1870 non
754 1815 800 1870 est
822 1828 909 1886 quam
929 1810 1006 1870 inter
1020 1810 1176 1873 πιστεῦσαι
1191 1816 1220 1870 61
1235 1806 1390 1885 πιστεύειν,

217 1910 346 1986 incipere
370 1917 399 1971 et
420 1930 553 1988 pergere.

304 2015 408 2074 Potest
429 2014 536 2090 aliquis
558 2016 647 2075 etiam
668 2017 743 2077 alias
772 2036 819 2078 res
841 2035 988 2077 assumere
1012 2035 1103 2092 seque
1118 2016 1153 2076 iis
1168 2017 1294 2093 tradere,
1311 2018 1391 2075 velut

218 2118 260 2200 τῷ
282 2113 385 2199 ψεύδει
407 2120 445 2195 ΙΙ,
470 2120 498 2196 2,
525 2120 573 2177 11.
618 2120 768 2196 Ejusmodi
796 2120 870 2180 fides
900 2139 935 2180 ea
965 2125 1106 2197 161661,
1131 2139 1218 2195 quam
1241 2122 1391 2196 apostolus

218 2221 329 2280 laudat.
373 2223 441 2281 Non
463 2221 551 2298 igitur
573 2222 651 2282 actio
674 2224 841 2283 assumendi
863 2223 1010 2299 evangelii
1028 2223 1136 2282 idcirco
1152 2224 1297 2300 laudatur,
1321 2224 1391 2299 quia

218 2324 334 2382 omnino
358 2324 470 2400 aliquid
493 2324 661 2385 assumitur:
692 2345 750 2386 non
772 2326 865 2385 forma
887 2325 955 2386 fidei
970 2326 1107 2386 laudibus
1122 2328 1249 2386 effertur.
1294 2330 1390 2402 :itque

217 2446 254 2486 ne
276 2432 396 2502 propter
418 2428 647 2503 magnitudinem
670 2430 787 2504 quidem
810 2430 859 2488 vel
880 2448 1016 2504 magnam
1031 2429 1138 2505 agendi
1153 2430 1226 2506 vim,
1250 2436 1390 2506 tanquam

217 2527 376 2613 1161611111)
412 2530 450 2590 sit
484 2531 574 2609 actio,
606 2533 751 2608 quomodo
787 2532 864 2592 enim
898 2535 954 2592 lroc
985 2531 1145 2592 existimari
1166 2539 1277 2610 potest,
1302 2552 1390 2608 quum

219 2634 307 2694 etiam
337 2631 364 2696 οἱ
386 2629 573 2707 πιστεύοντες
602 2635 632 2693 11
654 2637 769 2711 agendo
792 2655 849 2695 non
871 2636 994 2711 perfecti
1017 2635 1087 2713 sint,
1112 2637 1164 2703 sed
1181 2655 1255 2713 opus
1278 2637 1320 2695 eis
1342 2636 1389 2713 sit,

217 2742 250 2795 ut
272 2738 423 2812 apostolus
447 2755 494 2795 eos
518 2738 702 2815 adhortetur,
727 2741 749 2815 I,
773 2743 803 2816 4,
830 2741 856 2815 1,
880 2744 913 2796 11
945 2738 1001 2815 ipsi
1027 2738 1103 2797 inter
1135 2758 1167 2797 se
1198 2740 1390 2799 adhortentur

217 2841 239 2916 I,
263 2844 292 2915 4,
317 2843 345 2916 9,
369 2844 401 2898 11
424 2845 558 2900 61666611
580 2860 702 2919 semper,
727 2843 750 2919 I,
771 2843 800 2918 4,
828 2844 865 2899 10
881 2843 930 2919 61,
953 2848 986 2900 11
1001 2843 1081 2907 Deus
1096 2841 1158 2917 ipse
1175 2861 1225 2901 eos
1241 2843 1390 2902 confirmet

216 2945 239 3018 l,
264 2944 293 3018 3,
320 2944 356 3000 13
381 2942 417 3000 cf.
442 2946 470 3019 2,
494 2943 637 3018 siquidem
658 2939 855 3026 ὑστερήματα
876 2946 932 3026 τῆς
948 2941 1077 3017 πίστεως
1091 2949 1230 3003 notantur
1244 2948 1267 3023 1,
1286 2947 1313 3016 3,
1332 2948 1390 3006 10?

218 3045 359 3116 Quamvis
381 3045 411 3103 hi
433 3048 543 3121 gradum
578 3052 607 3106 et
640 3047 772 3107 defectus
803 3047 872 3107 fidei
898 3066 962 3106 cum
988 3047 1052 3122 ipso
1079 3048 1181 3107 habitu
1207 3048 1257 3108 illo
1288 3051 1390 3109 morali

217 3148 366 3225 conjuncti
388 3149 459 3225 sint,
483 3156 581 3209 tamen
603 3150 747 3228 indicant,
771 3170 808 3210 ne
830 3150 943 3209 initium
966 3150 1083 3226 quidem
1099 3152 1162 3228 ejus
1177 3152 1296 3212 habitus
1311 3154 1390 3228 quod

216 3252 255 3310 ad
277 3252 397 3311 formam
421 3257 450 3312 et
472 3253 595 3328 gradum
617 3254 722 3314 attinet
745 3253 853 3330 agendi
873 3254 1034 3330 perfectum
1057 3273 1131 3314 esse.

302 3357 391 3414 Immo
414 3356 551 3415 laudatur
577 3355 646 3415 fidei
668 3357 744 3416 actio
767 3363 887 3434 propter
912 3358 942 3417 id
964 3358 994 3416 in
1017 3358 1096 3432 quod
1118 3376 1149 3417 se
1166 3357 1278 3436 dirigit,
1295 3362 1390 3419 16111

216 3461 341 3519 solemus
364 3459 461 3518 dicere
487 3465 608 3535 propter
630 3460 776 3536 objectum
799 3461 931 3521 actionis.
976 3462 1029 3520 list
1056 3460 1131 3520 enim
1153 3454 1173 3543 ἡ
1195 3458 1294 3536 πίστις
1316 3458 1390 3546 πρὸς

216 3556 361 3625 1111661
384 3563 407 3637 I,
434 3564 460 3637 1,
484 3563 518 3620 8:
550 3581 621 3638 erga
643 3564 737 3622 Deum
760 3584 791 3623 66
815 3563 927 3641 dirigit,
941 3565 1029 3640 quod
1052 3564 1129 3623 idem
1153 3566 1318 3626 accuratius
1340 3587 1388 3626 ex-

215 3665 333 3740 ponitur
355 3683 383 3722 1.
408 3667 441 3722 9;
463 3667 514 3742 103
550 3666 729 3726 convertisse
750 3687 781 3726 se
797 3667 933 3727 dicuntur
947 3667 1225 3729 Thessalonicenses
1241 3671 1279 3729 ad
1295 3673 1388 3740 Deum

216 3768 253 3826 ab
275 3766 361 3827 idolis
385 3786 419 3828 eo
436 3768 557 3829 consilio
579 3776 611 3829 ut
634 3769 763 3830 serviant
778 3772 841 3829 Deo
864 3769 975 3830 viventi
991 3776 1020 3831 et
1040 3789 1110 3832 1616
1126 3778 1155 3833 61
1170 3777 1202 3832 11
1217 3779 1389 3850 exspectent

215 3870 304 3928 filium
336 3872 398 3947 ejus
430 3891 445 3932 6
477 3872 575 3932 666116.
620 3871 821 3956 ’cccccccccc
848 3879 892 3933 est
922 3874 998 3934 actio
1029 3894 1087 3935 nna
1115 3881 1144 3935 et
1166 3876 1302 3954 simplex,
1325 3878 1388 3938 6116

216 3974 318 4033 eadem
340 3975 402 4034 sive
424 3975 568 4036 artissime
591 3977 748 4052 conjuncta
770 3995 834 4035 cum
857 3996 893 4037 ea
914 3996 1002 4053 quam
1029 3997 1119 4055 supra
1145 3979 1308 4040 invenimus
1331 3981 1388 4040 dici

214 4130 330 4137 -φ

304 4214 322 4275 ¹)
341 4211 424 4265 Velut
442 4213 535 4277 1611661,
557 4214 582 4263 T
579 4214 681 4278 heologr'e
698 4215 739 4263 des
750 4213 834 4264 Nerea
850 4215 1013 4281 Testamenta,
1032 4215 1110 4281 1877,
1119 4236 1146 4282 p.
1160 4216 1216 4269 287
1227 4234 1287 4272 eam
1299 4217 1387 4287 fidem,

214 4313 284 4365 qnae
302 4298 322 4351 1.
342 4297 400 4352 Cor.
421 4298 454 4352 13
471 4298 647 4367 describitur,
665 4299 947 4366 „Glamastcoamusr
964 4306 1028 4369 apte
1046 4302 1178 4372 designat.
