<?xml version="1.0" encoding="UTF-8"?>
<!DOCTYPE html PUBLIC "-//W3C//DTD XHTML 1.0 Transitional//EN"
    "http://www.w3.org/TR/xhtml1/DTD/xhtml1-transitional.dtd">
<html xmlns="http://www.w3.org/1999/xhtml" xml:lang="en" lang="en">
 <head>
  <title>
</title>
<meta http-equiv="Content-Type" content="text/html;charset=utf-8" />
  <meta name='ocr-system' content='tesseract 3.04.00' />
  <meta name='ocr-capabilities' content='ocr_page ocr_carea ocr_par ocr_line ocrx_word'/>
</head>
<body>
  <div class='ocr_page' id='page_1' title='image "./defideinotionee01schngoog_0011.png"; bbox 0 0 3050 4848; ppageno 0'>
   <div class='ocr_carea' id='block_1_1' title="bbox 671 1465 913 1535">
    <p class='ocr_par' dir='ltr' id='par_1_1' title="bbox 671 1465 913 1535">
     <span class='ocr_line' id='line_1_1' title="bbox 671 1465 913 1535; baseline 0.012 -3"><span class='ocrx_word' id='word_1_1' title='bbox 671 1465 913 1535; x_wconf 79' lang='lat' dir='ltr'><strong>Prooemium.</strong></span> 
     </span>
    </p>
   </div>
   <div class='ocr_carea' id='block_1_2' title="bbox 205 1623 1382 2009">
    <p class='ocr_par' dir='ltr' id='par_1_2' title="bbox 205 1623 1382 2009">
     <span class='ocr_line' id='line_1_2' title="bbox 291 1623 1382 1703; baseline 0.007 -21"><span class='ocrx_word' id='word_1_2' title='bbox 291 1623 349 1682; x_wconf 90' lang='lat' dir='ltr'>Ubi</span> <span class='ocrx_word' id='word_1_3' title='bbox 370 1626 462 1696; x_wconf 90' lang='lat' dir='ltr'>primo</span> <span class='ocrx_word' id='word_1_4' title='bbox 485 1624 514 1701; x_wconf 88' lang='lat' dir='ltr'>in</span> <span class='ocrx_word' id='word_1_5' title='bbox 537 1625 612 1683; x_wconf 89' lang='lat' dir='ltr'>actis</span> <span class='ocrx_word' id='word_1_6' title='bbox 635 1626 832 1698; x_wconf 91' lang='lat' dir='ltr'>apostolorum</span> <span class='ocrx_word' id='word_1_7' title='bbox 855 1626 892 1684; x_wconf 91' lang='lat' dir='ltr'>de</span> <span class='ocrx_word' id='word_1_8' title='bbox 914 1626 1005 1685; x_wconf 91' lang='lat' dir='ltr'>Paulo</span> <span class='ocrx_word' id='word_1_9' title='bbox 1032 1627 1167 1686; x_wconf 76' lang='lat' dir='ltr'>scribitur</span> <span class='ocrx_word' id='word_1_10' title='bbox 1191 1629 1219 1703; x_wconf 83' lang='lat'>9,</span> <span class='ocrx_word' id='word_1_11' title='bbox 1246 1630 1301 1702; x_wconf 83' lang='lat'>15,</span> <span class='ocrx_word' id='word_1_12' title='bbox 1324 1630 1382 1690; x_wconf 92' lang='lat' dir='ltr'>Do-</span> 
     </span>
     <span class='ocr_line' id='line_1_3' title="bbox 206 1727 1382 1811; baseline 0.009 -27"><span class='ocrx_word' id='word_1_13' title='bbox 206 1727 296 1785; x_wconf 83' lang='lat' dir='ltr'>minus</span> <span class='ocrx_word' id='word_1_14' title='bbox 317 1727 380 1800; x_wconf 91' lang='lat' dir='ltr'>ipse</span> <span class='ocrx_word' id='word_1_15' title='bbox 402 1727 495 1788; x_wconf 84' lang='lat' dir='ltr'>fertur</span> <span class='ocrx_word' id='word_1_16' title='bbox 517 1728 632 1803; x_wconf 83' lang='lat' dir='ltr'><strong>dixisse,</strong></span> <span class='ocrx_word' id='word_1_17' title='bbox 654 1728 773 1787; x_wconf 89' lang='lat' dir='ltr'>Paulum</span> <span class='ocrx_word' id='word_1_18' title='bbox 795 1745 858 1789; x_wconf 91' lang='lat' dir='ltr'>esse</span> <span class='ocrx_word' id='word_1_19' title='bbox 881 1729 987 1801; x_wconf 72' lang='grc' dir='ltr'>σκεῦος</span> <span class='ocrx_word' id='word_1_20' title='bbox 1010 1727 1135 1811; x_wconf 69' lang='grc' dir='ltr'>ἐκλογῆς</span> <span class='ocrx_word' id='word_1_21' title='bbox 1157 1731 1209 1792; x_wconf 73' lang='grc' dir='ltr'>τοῦ</span> <span class='ocrx_word' id='word_1_22' title='bbox 1228 1728 1382 1810; x_wconf 79' lang='grc' dir='ltr'>βαστάσαι</span> 
     </span>
     <span class='ocr_line' id='line_1_4' title="bbox 205 1823 1381 1912; baseline 0.003 -21"><span class='ocrx_word' id='word_1_23' title='bbox 205 1823 239 1891; x_wconf 86' lang='grc' dir='ltr'>τὸ</span> <span class='ocrx_word' id='word_1_24' title='bbox 262 1823 358 1911; x_wconf 76' lang='grc' dir='ltr'>ὄνομά</span> <span class='ocrx_word' id='word_1_25' title='bbox 380 1850 437 1912; x_wconf 77' lang='grc' dir='ltr'>μου</span> <span class='ocrx_word' id='word_1_26' title='bbox 459 1829 530 1903; x_wconf 56' lang='lat' dir='ltr'>arm</span> <span class='ocrx_word' id='word_1_27' title='bbox 559 1831 681 1891; x_wconf 88' lang='lat' dir='ltr'>Paulum</span> <span class='ocrx_word' id='word_1_28' title='bbox 711 1835 807 1890; x_wconf 87' lang='lat' dir='ltr'>autem</span> <span class='ocrx_word' id='word_1_29' title='bbox 835 1832 926 1906; x_wconf 89' lang='lat' dir='ltr'>ipsum</span> <span class='ocrx_word' id='word_1_30' title='bbox 953 1832 1071 1906; x_wconf 84' lang='lat' dir='ltr'>legimus</span> <span class='ocrx_word' id='word_1_31' title='bbox 1098 1835 1194 1892; x_wconf 85' lang='lat' dir='ltr'>statim</span> <span class='ocrx_word' id='word_1_32' title='bbox 1221 1842 1287 1909; x_wconf 87' lang='lat' dir='ltr'>post</span> <span class='ocrx_word' id='word_1_33' title='bbox 1314 1853 1381 1894; x_wconf 87' lang='lat' dir='ltr'>con-</span> 
     </span>
     <span class='ocr_line' id='line_1_5' title="bbox 205 1920 1381 2009; baseline 0.005 -18"><span class='ocrx_word' id='word_1_34' title='bbox 205 1933 366 1993; x_wconf 83' lang='lat' dir='ltr'>versionem</span> <span class='ocrx_word' id='word_1_35' title='bbox 388 1933 600 2008; x_wconf 86' lang='lat' dir='ltr'>praedicavisse</span> <span class='ocrx_word' id='word_1_36' title='bbox 615 1935 722 2009; x_wconf 88' lang='lat' dir='ltr'>Jesum,</span> <span class='ocrx_word' id='word_1_37' title='bbox 746 1927 792 1996; x_wconf 78' lang='grc' dir='ltr'>ὅτι</span> <span class='ocrx_word' id='word_1_38' title='bbox 814 1920 901 2009; x_wconf 77' lang='grc' dir='ltr'>οὗτός</span> <span class='ocrx_word' id='word_1_39' title='bbox 923 1932 1000 1996; x_wconf 80' lang='grc' dir='ltr'>ἐστιν</span> <span class='ocrx_word' id='word_1_40' title='bbox 1023 1928 1039 1997; x_wconf 79' lang='grc' dir='ltr'>ὁ</span> <span class='ocrx_word' id='word_1_41' title='bbox 1058 1929 1121 2009; x_wconf 78' lang='grc' dir='ltr'>υἱὸς</span> <span class='ocrx_word' id='word_1_42' title='bbox 1135 1938 1187 1998; x_wconf 76' lang='grc' dir='ltr'>τοῦ</span> <span class='ocrx_word' id='word_1_43' title='bbox 1201 1936 1274 2000; x_wconf 63' lang='lat' dir='ltr'>seeo</span> <span class='ocrx_word' id='word_1_44' title='bbox 1290 1958 1314 1999; x_wconf 89' lang='lat' dir='ltr'>v.</span> <span class='ocrx_word' id='word_1_45' title='bbox 1332 1940 1381 1998; x_wconf 80' lang='grc'>20.</span> 
     </span>
    </p>
   </div>
   <div class='ocr_carea' id='block_1_3' title="bbox 189 2037 1381 4072">
    <p class='ocr_par' dir='ltr' id='par_1_3' title="bbox 200 2037 1381 2627">
     <span class='ocr_line' id='line_1_6' title="bbox 203 2037 1381 2114; baseline 0.005 -19"><span class='ocrx_word' id='word_1_46' title='bbox 203 2037 317 2096; x_wconf 84' lang='lat' dir='ltr'>Novam</span> <span class='ocrx_word' id='word_1_47' title='bbox 344 2037 400 2096; x_wconf 90' lang='lat' dir='ltr'>sibi</span> <span class='ocrx_word' id='word_1_48' title='bbox 426 2037 515 2111; x_wconf 80' lang='lat' dir='ltr'>elegit</span> <span class='ocrx_word' id='word_1_49' title='bbox 545 2038 622 2097; x_wconf 91' lang='lat' dir='ltr'>viam</span> <span class='ocrx_word' id='word_1_50' title='bbox 650 2037 753 2111; x_wconf 77' lang='lat' dir='ltr'>agendi</span> <span class='ocrx_word' id='word_1_51' title='bbox 776 2037 883 2096; x_wconf 88' lang='lat' dir='ltr'>Paulus</span> <span class='ocrx_word' id='word_1_52' title='bbox 907 2056 963 2096; x_wconf 94' lang='lat' dir='ltr'>non</span> <span class='ocrx_word' id='word_1_53' title='bbox 991 2040 1165 2111; x_wconf 79' lang='lat' dir='ltr'>voluntarie,</span> <span class='ocrx_word' id='word_1_54' title='bbox 1195 2041 1244 2099; x_wconf 86' lang='lat' dir='ltr'>sed</span> <span class='ocrx_word' id='word_1_55' title='bbox 1275 2059 1381 2114; x_wconf 80' lang='lat' dir='ltr'>magna</span> 
     </span>
     <span class='ocr_line' id='line_1_7' title="bbox 202 2140 1381 2216; baseline 0.003 -17"><span class='ocrx_word' id='word_1_56' title='bbox 202 2140 254 2199; x_wconf 91' lang='lat' dir='ltr'>illa</span> <span class='ocrx_word' id='word_1_57' title='bbox 275 2141 451 2200; x_wconf 82' lang='lat' dir='ltr'>revelatione</span> <span class='ocrx_word' id='word_1_58' title='bbox 478 2150 651 2214; x_wconf 87' lang='lat' dir='ltr'>commotns3</span> <span class='ocrx_word' id='word_1_59' title='bbox 681 2145 768 2214; x_wconf 71' lang='lat' dir='ltr'>alque</span> <span class='ocrx_word' id='word_1_60' title='bbox 799 2140 865 2200; x_wconf 90' lang='lat' dir='ltr'>inde</span> <span class='ocrx_word' id='word_1_61' title='bbox 894 2141 931 2199; x_wconf 90' lang='lat' dir='ltr'>ab</span> <span class='ocrx_word' id='word_1_62' title='bbox 958 2141 1007 2200; x_wconf 92' lang='lat' dir='ltr'>illo</span> <span class='ocrx_word' id='word_1_63' title='bbox 1034 2146 1163 2216; x_wconf 91' lang='lat' dir='ltr'>tempore</span> <span class='ocrx_word' id='word_1_64' title='bbox 1189 2159 1299 2202; x_wconf 87' lang='lat' dir='ltr'>summa</span> <span class='ocrx_word' id='word_1_65' title='bbox 1326 2142 1381 2202; x_wconf 84' lang='lat' dir='ltr'>fuit</span> 
     </span>
     <span class='ocr_line' id='line_1_8' title="bbox 202 2242 1379 2321; baseline 0.003 -19"><span class='ocrx_word' id='word_1_66' title='bbox 202 2242 426 2317; x_wconf 79' lang='lat' dir='ltr'>praedicationis</span> <span class='ocrx_word' id='word_1_67' title='bbox 442 2244 516 2317; x_wconf 78' lang='lat' dir='ltr'>eius:</span> <span class='ocrx_word' id='word_1_68' title='bbox 538 2243 631 2317; x_wconf 90' lang='lat' dir='ltr'>Jesus,</span> <span class='ocrx_word' id='word_1_69' title='bbox 654 2259 738 2317; x_wconf 91' lang='lat' dir='ltr'>quem</span> <span class='ocrx_word' id='word_1_70' title='bbox 761 2248 849 2302; x_wconf 86' lang='lat' dir='ltr'>antea</span> <span class='ocrx_word' id='word_1_71' title='bbox 870 2250 1037 2318; x_wconf 89' lang='lat' dir='ltr'>persecutus</span> <span class='ocrx_word' id='word_1_72' title='bbox 1059 2262 1130 2321; x_wconf 91' lang='lat' dir='ltr'>sum,</span> <span class='ocrx_word' id='word_1_73' title='bbox 1152 2263 1169 2319; x_wconf 86' lang='lat' dir='ltr'>e</span> <span class='ocrx_word' id='word_1_74' title='bbox 1192 2248 1310 2305; x_wconf 89' lang='lat' dir='ltr'>mortuis</span> <span class='ocrx_word' id='word_1_75' title='bbox 1334 2265 1379 2305; x_wconf 93' lang='lat' dir='ltr'>re-</span> 
     </span>
     <span class='ocr_line' id='line_1_9' title="bbox 202 2346 1377 2418; baseline 0.004 -13"><span class='ocrx_word' id='word_1_76' title='bbox 202 2348 328 2406; x_wconf 82' lang='lat' dir='ltr'>surrexit</span> <span class='ocrx_word' id='word_1_77' title='bbox 353 2351 384 2407; x_wconf 92' lang='lat' dir='ltr'>et</span> <span class='ocrx_word' id='word_1_78' title='bbox 410 2346 487 2407; x_wconf 87' lang='lat' dir='ltr'>filins</span> <span class='ocrx_word' id='word_1_79' title='bbox 514 2347 569 2406; x_wconf 91' lang='lat' dir='ltr'>Dei</span> <span class='ocrx_word' id='word_1_80' title='bbox 597 2346 809 2406; x_wconf 90' lang='lat' dir='ltr'>demonstratus</span> <span class='ocrx_word' id='word_1_81' title='bbox 836 2351 892 2418; x_wconf 85' lang='lat' dir='ltr'>est3</span> <span class='ocrx_word' id='word_1_82' title='bbox 920 2348 948 2406; x_wconf 91' lang='lat' dir='ltr'>in</span> <span class='ocrx_word' id='word_1_83' title='bbox 978 2364 1012 2406; x_wconf 90' lang='lat' dir='ltr'>eo</span> <span class='ocrx_word' id='word_1_84' title='bbox 1040 2349 1100 2407; x_wconf 93' lang='lat' dir='ltr'>solo</span> <span class='ocrx_word' id='word_1_85' title='bbox 1128 2349 1204 2406; x_wconf 89' lang='lat' dir='ltr'>salus</span> <span class='ocrx_word' id='word_1_86' title='bbox 1225 2350 1377 2414; x_wconf 87' lang='lat' dir='ltr'>invenitur.</span> 
     </span>
     <span class='ocr_line' id='line_1_10' title="bbox 200 2448 1377 2525; baseline 0.003 -18"><span class='ocrx_word' id='word_1_87' title='bbox 200 2448 280 2508; x_wconf 85' lang='lat' dir='ltr'>idem</span> <span class='ocrx_word' id='word_1_88' title='bbox 303 2449 540 2509; x_wconf 83' lang='lat' dir='ltr'>exorationibus</span> <span class='ocrx_word' id='word_1_89' title='bbox 566 2450 627 2523; x_wconf 90' lang='lat' dir='ltr'>ejus</span> <span class='ocrx_word' id='word_1_90' title='bbox 653 2466 727 2524; x_wconf 86' lang='lat' dir='ltr'>qnae</span> <span class='ocrx_word' id='word_1_91' title='bbox 753 2454 822 2508; x_wconf 89' lang='lat' dir='ltr'>sunt</span> <span class='ocrx_word' id='word_1_92' title='bbox 847 2450 877 2508; x_wconf 89' lang='lat' dir='ltr'>in</span> <span class='ocrx_word' id='word_1_93' title='bbox 903 2451 975 2509; x_wconf 90' lang='lat' dir='ltr'>actis</span> <span class='ocrx_word' id='word_1_94' title='bbox 1002 2452 1213 2525; x_wconf 88' lang='lat' dir='ltr'>apostolorum,</span> <span class='ocrx_word' id='word_1_95' title='bbox 1244 2452 1319 2511; x_wconf 90' lang='lat' dir='ltr'>idem</span> <span class='ocrx_word' id='word_1_96' title='bbox 1341 2469 1377 2511; x_wconf 82' lang='lat' dir='ltr'>ex</span> 
     </span>
     <span class='ocr_line' id='line_1_11' title="bbox 201 2552 536 2627; baseline 0.006 -16"><span class='ocrx_word' id='word_1_97' title='bbox 201 2552 329 2626; x_wconf 90' lang='lat' dir='ltr'>epistolis</span> <span class='ocrx_word' id='word_1_98' title='bbox 351 2553 536 2627; x_wconf 80' lang='lat' dir='ltr'>perspicitur.</span> 
     </span>
    </p>

    <p class='ocr_par' dir='ltr' id='par_1_4' title="bbox 192 2654 1376 3668">
     <span class='ocr_line' id='line_1_12' title="bbox 284 2654 1376 2731; baseline 0.005 -18"><span class='ocrx_word' id='word_1_99' title='bbox 284 2655 354 2714; x_wconf 90' lang='lat' dir='ltr'>Inde</span> <span class='ocrx_word' id='word_1_100' title='bbox 382 2654 488 2715; x_wconf 86' lang='lat' dir='ltr'>iactum</span> <span class='ocrx_word' id='word_1_101' title='bbox 514 2660 570 2731; x_wconf 89' lang='lat' dir='ltr'>est,</span> <span class='ocrx_word' id='word_1_102' title='bbox 602 2659 635 2714; x_wconf 89' lang='lat' dir='ltr'>ut</span> <span class='ocrx_word' id='word_1_103' title='bbox 656 2655 810 2714; x_wconf 87' lang='lat' dir='ltr'>maximum</span> <span class='ocrx_word' id='word_1_104' title='bbox 831 2656 859 2714; x_wconf 89' lang='lat' dir='ltr'>ei</span> <span class='ocrx_word' id='word_1_105' title='bbox 881 2655 1029 2716; x_wconf 91' lang='lat' dir='ltr'>videretur</span> <span class='ocrx_word' id='word_1_106' title='bbox 1051 2656 1208 2718; x_wconf 88' lang='lat' dir='ltr'>discrimen</span> <span class='ocrx_word' id='word_1_107' title='bbox 1227 2673 1290 2718; x_wconf 87' lang='lat' dir='ltr'>esse</span> <span class='ocrx_word' id='word_1_108' title='bbox 1306 2657 1376 2718; x_wconf 90' lang='lat' dir='ltr'>dua·</span> 
     </span>
     <span class='ocr_line' id='line_1_13' title="bbox 197 2756 1375 2835; baseline 0.005 -20"><span class='ocrx_word' id='word_1_109' title='bbox 197 2774 261 2817; x_wconf 91' lang='lat' dir='ltr'>rum</span> <span class='ocrx_word' id='word_1_110' title='bbox 284 2759 359 2820; x_wconf 89' lang='lat' dir='ltr'>ritae</span> <span class='ocrx_word' id='word_1_111' title='bbox 387 2776 456 2820; x_wconf 89' lang='lat' dir='ltr'>suae</span> <span class='ocrx_word' id='word_1_112' title='bbox 478 2760 603 2833; x_wconf 90' lang='lat' dir='ltr'>partium</span> <span class='ocrx_word' id='word_1_113' title='bbox 618 2756 651 2835; x_wconf 85' lang='lat'>¹).</span> <span class='ocrx_word' id='word_1_114' title='bbox 696 2758 740 2818; x_wconf 81' lang='lat' dir='ltr'>Eo</span> <span class='ocrx_word' id='word_1_115' title='bbox 770 2759 845 2818; x_wconf 89' lang='lat' dir='ltr'>enim</span> <span class='ocrx_word' id='word_1_116' title='bbox 874 2764 1019 2833; x_wconf 90' lang='lat' dir='ltr'>tempore,</span> <span class='ocrx_word' id='word_1_117' title='bbox 1051 2760 1127 2833; x_wconf 91' lang='lat' dir='ltr'>qnod</span> <span class='ocrx_word' id='word_1_118' title='bbox 1159 2766 1225 2820; x_wconf 90' lang='lat' dir='ltr'>ante</span> <span class='ocrx_word' id='word_1_119' title='bbox 1256 2778 1375 2821; x_wconf 90' lang='lat' dir='ltr'>conver·</span> 
     </span>
     <span class='ocr_line' id='line_1_14' title="bbox 198 2862 1375 2938; baseline 0.005 -19"><span class='ocrx_word' id='word_1_120' title='bbox 198 2862 307 2921; x_wconf 90' lang='lat' dir='ltr'>sionem</span> <span class='ocrx_word' id='word_1_121' title='bbox 329 2869 401 2935; x_wconf 87' lang='lat' dir='ltr'>erat,</span> <span class='ocrx_word' id='word_1_122' title='bbox 424 2863 524 2922; x_wconf 91' lang='lat' dir='ltr'>Jesum</span> <span class='ocrx_word' id='word_1_123' title='bbox 546 2867 576 2921; x_wconf 90' lang='lat' dir='ltr'>et</span> <span class='ocrx_word' id='word_1_124' title='bbox 598 2862 750 2921; x_wconf 88' lang='lat' dir='ltr'>ecclesiam</span> <span class='ocrx_word' id='word_1_125' title='bbox 773 2862 828 2921; x_wconf 91' lang='lat' dir='ltr'>Dei</span> <span class='ocrx_word' id='word_1_126' title='bbox 857 2862 901 2922; x_wconf 89' lang='lat' dir='ltr'>vel</span> <span class='ocrx_word' id='word_1_127' title='bbox 928 2863 1115 2935; x_wconf 83' lang='lat' dir='ltr'>ignoraverat</span> <span class='ocrx_word' id='word_1_128' title='bbox 1142 2864 1186 2922; x_wconf 92' lang='lat' dir='ltr'>vel</span> <span class='ocrx_word' id='word_1_129' title='bbox 1207 2871 1375 2938; x_wconf 89' lang='lat' dir='ltr'>persecutus</span> 
     </span>
     <span class='ocr_line' id='line_1_15' title="bbox 198 2964 1373 3039; baseline 0.001 -14"><span class='ocrx_word' id='word_1_130' title='bbox 198 2971 275 3037; x_wconf 84' lang='lat' dir='ltr'>erat3</span> <span class='ocrx_word' id='word_1_131' title='bbox 305 2972 372 3039; x_wconf 91' lang='lat' dir='ltr'>post</span> <span class='ocrx_word' id='word_1_132' title='bbox 399 2966 617 3026; x_wconf 90' lang='lat' dir='ltr'>conversionem</span> <span class='ocrx_word' id='word_1_133' title='bbox 639 2965 709 3024; x_wconf 90' lang='lat' dir='ltr'>Jesn</span> <span class='ocrx_word' id='word_1_134' title='bbox 739 2966 893 3027; x_wconf 88' lang='lat' dir='ltr'>serviebat.</span> <span class='ocrx_word' id='word_1_135' title='bbox 938 2964 1041 3024; x_wconf 87' lang='lat' dir='ltr'>Ortum</span> <span class='ocrx_word' id='word_1_136' title='bbox 1068 2971 1112 3025; x_wconf 90' lang='lat' dir='ltr'>est</span> <span class='ocrx_word' id='word_1_137' title='bbox 1138 2966 1193 3025; x_wconf 90' lang='lat' dir='ltr'>hoc</span> <span class='ocrx_word' id='word_1_138' title='bbox 1219 2967 1373 3027; x_wconf 81' lang='lat' dir='ltr'>discrimen</span> 
     </span>
     <span class='ocr_line' id='line_1_16' title="bbox 196 3066 1374 3146; baseline 0.002 -18"><span class='ocrx_word' id='word_1_139' title='bbox 196 3068 273 3143; x_wconf 90' lang='lat' dir='ltr'>quod</span> <span class='ocrx_word' id='word_1_140' title='bbox 303 3069 381 3128; x_wconf 89' lang='lat' dir='ltr'>inter</span> <span class='ocrx_word' id='word_1_141' title='bbox 402 3066 478 3131; x_wconf 80' lang='grc' dir='ltr'>ποτέ</span> <span class='ocrx_word' id='word_1_142' title='bbox 497 3075 527 3128; x_wconf 91' lang='lat' dir='ltr'>ot</span> <span class='ocrx_word' id='word_1_143' title='bbox 548 3067 598 3130; x_wconf 79' lang='grc' dir='ltr'>νῦν</span> <span class='ocrx_word' id='word_1_144' title='bbox 620 3074 698 3141; x_wconf 90' lang='lat' dir='ltr'>erat,</span> <span class='ocrx_word' id='word_1_145' title='bbox 729 3069 754 3127; x_wconf 91' lang='lat' dir='ltr'>si</span> <span class='ocrx_word' id='word_1_146' title='bbox 782 3085 843 3127; x_wconf 92' lang='lat' dir='ltr'>rem</span> <span class='ocrx_word' id='word_1_147' title='bbox 864 3073 1014 3127; x_wconf 86' lang='lat' dir='ltr'>externam</span> <span class='ocrx_word' id='word_1_148' title='bbox 1039 3069 1222 3146; x_wconf 85' lang='lat' dir='ltr'>respicimus,</span> <span class='ocrx_word' id='word_1_149' title='bbox 1254 3086 1290 3129; x_wconf 83' lang='lat' dir='ltr'>ex</span> <span class='ocrx_word' id='word_1_150' title='bbox 1311 3072 1374 3145; x_wconf 90' lang='lat' dir='ltr'>ipsa</span> 
     </span>
     <span class='ocr_line' id='line_1_17' title="bbox 195 3170 1372 3250; baseline 0.003 -21"><span class='ocrx_word' id='word_1_151' title='bbox 195 3173 247 3232; x_wconf 86' lang='lat' dir='ltr'>illa</span> <span class='ocrx_word' id='word_1_152' title='bbox 267 3173 454 3250; x_wconf 88' lang='lat' dir='ltr'>revelatione,</span> <span class='ocrx_word' id='word_1_153' title='bbox 477 3173 501 3231; x_wconf 93' lang='lat' dir='ltr'>si</span> <span class='ocrx_word' id='word_1_154' title='bbox 524 3188 593 3230; x_wconf 90' lang='lat' dir='ltr'>vero</span> <span class='ocrx_word' id='word_1_155' title='bbox 616 3172 741 3230; x_wconf 90' lang='lat' dir='ltr'>animum</span> <span class='ocrx_word' id='word_1_156' title='bbox 762 3170 845 3229; x_wconf 91' lang='lat' dir='ltr'>Pauli</span> <span class='ocrx_word' id='word_1_157' title='bbox 868 3170 1129 3244; x_wconf 84' lang='lat' dir='ltr'>animadvertimus,</span> <span class='ocrx_word' id='word_1_158' title='bbox 1156 3189 1192 3231; x_wconf 87' lang='lat' dir='ltr'>ex</span> <span class='ocrx_word' id='word_1_159' title='bbox 1215 3189 1250 3231; x_wconf 92' lang='lat' dir='ltr'>ea</span> <span class='ocrx_word' id='word_1_160' title='bbox 1271 3190 1312 3248; x_wconf 92' lang='lat' dir='ltr'>re,</span> <span class='ocrx_word' id='word_1_161' title='bbox 1336 3173 1372 3232; x_wconf 90' lang='lat' dir='ltr'>de</span> 
     </span>
     <span class='ocr_line' id='line_1_18' title="bbox 195 3270 1375 3350; baseline 0.001 -16"><span class='ocrx_word' id='word_1_162' title='bbox 195 3292 251 3349; x_wconf 91' lang='lat' dir='ltr'>qua</span> <span class='ocrx_word' id='word_1_163' title='bbox 265 3277 316 3335; x_wconf 93' lang='lat' dir='ltr'>illa</span> <span class='ocrx_word' id='word_1_164' title='bbox 330 3276 440 3335; x_wconf 89' lang='lat' dir='ltr'>visione</span> <span class='ocrx_word' id='word_1_165' title='bbox 455 3276 563 3335; x_wconf 88' lang='lat' dir='ltr'>certior</span> <span class='ocrx_word' id='word_1_166' title='bbox 585 3272 678 3333; x_wconf 84' lang='lat' dir='ltr'>iactus</span> <span class='ocrx_word' id='word_1_167' title='bbox 694 3279 747 3347; x_wconf 86' lang='lat' dir='ltr'>est,</span> <span class='ocrx_word' id='word_1_168' title='bbox 767 3270 879 3333; x_wconf 89' lang='lat' dir='ltr'>scilicet</span> <span class='ocrx_word' id='word_1_169' title='bbox 894 3271 1038 3332; x_wconf 82' lang='lat' dir='ltr'>Christum</span> <span class='ocrx_word' id='word_1_170' title='bbox 1062 3275 1158 3334; x_wconf 91' lang='lat' dir='ltr'>vivere</span> <span class='ocrx_word' id='word_1_171' title='bbox 1174 3275 1239 3338; x_wconf 83' lang='lat' dir='ltr'>Aet.</span> <span class='ocrx_word' id='word_1_172' title='bbox 1255 3276 1303 3335; x_wconf 83' lang='lat'>13.</span> <span class='ocrx_word' id='word_1_173' title='bbox 1323 3276 1375 3350; x_wconf 63' lang='grc'>17,</span> 
     </span>
     <span class='ocr_line' id='line_1_19' title="bbox 195 3375 1372 3451; baseline 0.001 -14"><span class='ocrx_word' id='word_1_174' title='bbox 195 3379 283 3441; x_wconf 68' lang='grc'><strong>221.</strong></span> <span class='ocrx_word' id='word_1_175' title='bbox 300 3378 366 3448; x_wconf 81' lang='lat' dir='ltr'>Gor.</span> <span class='ocrx_word' id='word_1_176' title='bbox 385 3378 434 3449; x_wconf 78' lang='lat'>15,</span> <span class='ocrx_word' id='word_1_177' title='bbox 456 3378 533 3437; x_wconf 90' lang='lat' dir='ltr'>unde</span> <span class='ocrx_word' id='word_1_178' title='bbox 555 3378 707 3451; x_wconf 84' lang='lat' dir='ltr'>intellexit,</span> <span class='ocrx_word' id='word_1_179' title='bbox 730 3393 795 3436; x_wconf 91' lang='lat' dir='ltr'>eum</span> <span class='ocrx_word' id='word_1_180' title='bbox 817 3375 907 3436; x_wconf 87' lang='lat' dir='ltr'>filium</span> <span class='ocrx_word' id='word_1_181' title='bbox 927 3376 982 3435; x_wconf 90' lang='lat' dir='ltr'>Dei</span> <span class='ocrx_word' id='word_1_182' title='bbox 1004 3392 1070 3437; x_wconf 89' lang='lat' dir='ltr'>esse</span> <span class='ocrx_word' id='word_1_183' title='bbox 1092 3376 1128 3436; x_wconf 90' lang='lat' dir='ltr'>ad</span> <span class='ocrx_word' id='word_1_184' title='bbox 1151 3378 1281 3437; x_wconf 89' lang='lat' dir='ltr'>homines</span> <span class='ocrx_word' id='word_1_185' title='bbox 1305 3381 1372 3438; x_wconf 89' lang='lat' dir='ltr'>mis-</span> 
     </span>
     <span class='ocr_line' id='line_1_20' title="bbox 193 3479 1370 3563; baseline 0.002 -24"><span class='ocrx_word' id='word_1_186' title='bbox 193 3499 255 3539; x_wconf 90' lang='lat' dir='ltr'>sum</span> <span class='ocrx_word' id='word_1_187' title='bbox 287 3482 497 3556; x_wconf 88' lang='lat' dir='ltr'>conclusitque,</span> <span class='ocrx_word' id='word_1_188' title='bbox 531 3498 596 3540; x_wconf 89' lang='lat' dir='ltr'>eum</span> <span class='ocrx_word' id='word_1_189' title='bbox 623 3480 746 3563; x_wconf 72' lang='grc' dir='ltr'>σωτῆρα</span> <span class='ocrx_word' id='word_1_190' title='bbox 776 3496 840 3539; x_wconf 90' lang='lat' dir='ltr'>esse</span> <span class='ocrx_word' id='word_1_191' title='bbox 871 3479 1028 3551; x_wconf 86' lang='lat' dir='ltr'>hominurn,</span> <span class='ocrx_word' id='word_1_192' title='bbox 1062 3496 1118 3553; x_wconf 90' lang='lat' dir='ltr'>quo</span> <span class='ocrx_word' id='word_1_193' title='bbox 1149 3482 1264 3555; x_wconf 89' lang='lat' dir='ltr'>quidem</span> <span class='ocrx_word' id='word_1_194' title='bbox 1291 3482 1370 3542; x_wconf 89' lang='lat' dir='ltr'>Dens</span> 
     </span>
     <span class='ocr_line' id='line_1_21' title="bbox 192 3577 1368 3668; baseline -0.002 -22"><span class='ocrx_word' id='word_1_195' title='bbox 192 3582 342 3668; x_wconf 67' lang='grc' dir='ltr'>σωτηρίαν</span> <span class='ocrx_word' id='word_1_196' title='bbox 364 3586 408 3644; x_wconf 91' lang='lat' dir='ltr'>vel</span> <span class='ocrx_word' id='word_1_197' title='bbox 431 3577 508 3666; x_wconf 80' lang='grc' dir='ltr'><strong>ζωὴν</strong></span> <span class='ocrx_word' id='word_1_198' title='bbox 531 3578 644 3646; x_wconf 70' lang='lat' dir='ltr'>ciriaca</span> <span class='ocrx_word' id='word_1_199' title='bbox 666 3583 796 3643; x_wconf 90' lang='lat' dir='ltr'>omnibus</span> <span class='ocrx_word' id='word_1_200' title='bbox 811 3581 973 3641; x_wconf 89' lang='lat' dir='ltr'>hominibus</span> <span class='ocrx_word' id='word_1_201' title='bbox 988 3582 1085 3656; x_wconf 79' lang='lat' dir='ltr'>gratia</span> <span class='ocrx_word' id='word_1_202' title='bbox 1100 3600 1151 3642; x_wconf 92' lang='lat' dir='ltr'>sna</span> <span class='ocrx_word' id='word_1_203' title='bbox 1166 3583 1276 3644; x_wconf 89' lang='lat' dir='ltr'>donare</span> <span class='ocrx_word' id='word_1_204' title='bbox 1291 3585 1368 3644; x_wconf 90' lang='lat' dir='ltr'>velit.</span> 
     </span>
    </p>

    <p class='ocr_par' dir='ltr' id='par_1_5' title="bbox 189 3683 1369 4072">
     <span class='ocr_line' id='line_1_22' title="bbox 277 3683 1369 3761; baseline -0.002 -14"><span class='ocrx_word' id='word_1_205' title='bbox 277 3689 349 3748; x_wconf 92' lang='lat' dir='ltr'>lnde</span> <span class='ocrx_word' id='word_1_206' title='bbox 381 3689 417 3748; x_wconf 87' lang='lat' dir='ltr'>ab</span> <span class='ocrx_word' id='word_1_207' title='bbox 446 3687 548 3748; x_wconf 90' lang='lat' dir='ltr'>eodem</span> <span class='ocrx_word' id='word_1_208' title='bbox 579 3704 648 3747; x_wconf 89' lang='lat' dir='ltr'>vero</span> <span class='ocrx_word' id='word_1_209' title='bbox 675 3687 725 3746; x_wconf 92' lang='lat' dir='ltr'>illo</span> <span class='ocrx_word' id='word_1_210' title='bbox 754 3692 883 3761; x_wconf 89' lang='lat' dir='ltr'>tempore</span> <span class='ocrx_word' id='word_1_211' title='bbox 914 3683 999 3744; x_wconf 88' lang='lat' dir='ltr'>iidem</span> <span class='ocrx_word' id='word_1_212' title='bbox 1026 3686 1207 3760; x_wconf 87' lang='lat' dir='ltr'>praedicavit</span> <span class='ocrx_word' id='word_1_213' title='bbox 1233 3692 1369 3761; x_wconf 90' lang='lat' dir='ltr'>tanquam</span> 
     </span>
     <span class='ocr_line' id='line_1_23' title="bbox 191 3788 1368 3865; baseline -0.003 -14"><span class='ocrx_word' id='word_1_214' title='bbox 191 3808 253 3851; x_wconf 89' lang='lat' dir='ltr'>eam</span> <span class='ocrx_word' id='word_1_215' title='bbox 277 3794 418 3853; x_wconf 88' lang='lat' dir='ltr'>actionem</span> <span class='ocrx_word' id='word_1_216' title='bbox 440 3792 592 3864; x_wconf 90' lang='lat' dir='ltr'>internam,</span> <span class='ocrx_word' id='word_1_217' title='bbox 614 3807 688 3865; x_wconf 92' lang='lat' dir='ltr'>quae</span> <span class='ocrx_word' id='word_1_218' title='bbox 710 3794 776 3850; x_wconf 89' lang='lat' dir='ltr'>orta</span> <span class='ocrx_word' id='word_1_219' title='bbox 798 3790 836 3848; x_wconf 92' lang='lat' dir='ltr'>sit</span> <span class='ocrx_word' id='word_1_220' title='bbox 858 3806 894 3848; x_wconf 91' lang='lat' dir='ltr'>ex</span> <span class='ocrx_word' id='word_1_221' title='bbox 908 3789 958 3848; x_wconf 89' lang='lat' dir='ltr'>illa</span> <span class='ocrx_word' id='word_1_222' title='bbox 973 3789 1149 3850; x_wconf 86' lang='lat' dir='ltr'>revelatione</span> <span class='ocrx_word' id='word_1_223' title='bbox 1166 3788 1270 3850; x_wconf 79' lang='lat' dir='ltr'>Christi</span> <span class='ocrx_word' id='word_1_224' title='bbox 1284 3790 1368 3864; x_wconf 89' lang='lat' dir='ltr'>eique</span> 
     </span>
     <span class='ocr_line' id='line_1_24' title="bbox 190 3892 1368 3971; baseline -0.003 -18"><span class='ocrx_word' id='word_1_225' title='bbox 190 3895 379 3970; x_wconf 88' lang='lat' dir='ltr'>respondeat,</span> <span class='ocrx_word' id='word_1_226' title='bbox 410 3911 484 3970; x_wconf 90' lang='lat' dir='ltr'>quae</span> <span class='ocrx_word' id='word_1_227' title='bbox 507 3911 537 3953; x_wconf 92' lang='lat' dir='ltr'>se</span> <span class='ocrx_word' id='word_1_228' title='bbox 560 3893 668 3967; x_wconf 78' lang='lat' dir='ltr'>dirigat</span> <span class='ocrx_word' id='word_1_229' title='bbox 696 3894 731 3971; x_wconf 69' lang='lat' dir='ltr'>in¹</span> <span class='ocrx_word' id='word_1_230' title='bbox 748 3892 893 3952; x_wconf 85' lang='lat' dir='ltr'>Christum</span> <span class='ocrx_word' id='word_1_231' title='bbox 922 3892 1065 3952; x_wconf 89' lang='lat' dir='ltr'>virentem</span> <span class='ocrx_word' id='word_1_232' title='bbox 1086 3893 1198 3966; x_wconf 89' lang='lat' dir='ltr'>Deique</span> <span class='ocrx_word' id='word_1_233' title='bbox 1227 3908 1281 3966; x_wconf 93' lang='lat' dir='ltr'>per</span> <span class='ocrx_word' id='word_1_234' title='bbox 1303 3909 1368 3951; x_wconf 90' lang='lat' dir='ltr'>eum</span> 
     </span>
     <span class='ocr_line' id='line_1_25' title="bbox 189 3995 1179 4072; baseline -0.005 -15"><span class='ocrx_word' id='word_1_235' title='bbox 189 3997 369 4057; x_wconf 84' lang='lat' dir='ltr'>manifestam</span> <span class='ocrx_word' id='word_1_236' title='bbox 391 3999 521 4072; x_wconf 80' lang='lat' dir='ltr'>gratiam,</span> <span class='ocrx_word' id='word_1_237' title='bbox 543 3997 667 4071; x_wconf 90' lang='lat' dir='ltr'>denique</span> <span class='ocrx_word' id='word_1_238' title='bbox 689 4012 747 4070; x_wconf 85' lang='lat' dir='ltr'>qua</span> <span class='ocrx_word' id='word_1_239' title='bbox 759 3995 930 4070; x_wconf 82' lang='lat' dir='ltr'>accipiatur</span> <span class='ocrx_word' id='word_1_240' title='bbox 951 3995 1028 4055; x_wconf 89' lang='lat' dir='ltr'>salus</span> <span class='ocrx_word' id='word_1_241' title='bbox 1051 4001 1179 4055; x_wconf 90' lang='lat' dir='ltr'>aeterna.</span> 
     </span>
    </p>
   </div>
   <div class='ocr_carea' id='block_1_4' title="bbox 185 4232 1366 4373">
    <p class='ocr_par' dir='ltr' id='par_1_6' title="bbox 185 4232 1366 4373">
     <span class='ocr_line' id='line_1_26' title="bbox 276 4232 1366 4302; baseline 0 -19"><span class='ocrx_word' id='word_1_242' title='bbox 276 4232 295 4302; x_wconf 90' lang='lat'>¹)</span> <span class='ocrx_word' id='word_1_243' title='bbox 319 4235 399 4284; x_wconf 76' lang='lat' dir='ltr'>Ueteri</span> <span class='ocrx_word' id='word_1_244' title='bbox 419 4233 486 4288; x_wconf 74' lang='lat' dir='ltr'>duas</span> <span class='ocrx_word' id='word_1_245' title='bbox 507 4234 591 4289; x_wconf 72' lang='lat' dir='ltr'>habet</span> <span class='ocrx_word' id='word_1_246' title='bbox 612 4232 675 4287; x_wconf 76' lang='lat' dir='ltr'>libri</span> <span class='ocrx_word' id='word_1_247' title='bbox 694 4232 875 4298; x_wconf 75' lang='lat' dir='ltr'>(Pauliniscder</span> <span class='ocrx_word' id='word_1_248' title='bbox 891 4232 1057 4298; x_wconf 69' lang='lat' dir='ltr'>Ledrbeyrr&#39;ff)</span> <span class='ocrx_word' id='word_1_249' title='bbox 1076 4235 1181 4300; x_wconf 77' lang='lat' dir='ltr'>partes:</span> <span class='ocrx_word' id='word_1_250' title='bbox 1208 4233 1297 4286; x_wconf 67' lang='lat' dir='ltr'>aba</span> <span class='ocrx_word' id='word_1_251' title='bbox 1313 4251 1366 4284; x_wconf 85' lang='lat' dir='ltr'>vor·</span> 
     </span>
     <span class='ocr_line' id='line_1_27' title="bbox 185 4319 744 4373; baseline 0.002 -2"><span class='ocrx_word' id='word_1_252' title='bbox 185 4320 320 4372; x_wconf 71' lang='lat' dir='ltr'>ckrt&#39;atlt&#39;cke</span> <span class='ocrx_word' id='word_1_253' title='bbox 337 4319 398 4373; x_wconf 64' lang='lat' dir='ltr'>Zeia</span> <span class='ocrx_word' id='word_1_254' title='bbox 433 4321 471 4371; x_wconf 86' lang='lat' dir='ltr'>II.</span> <span class='ocrx_word' id='word_1_255' title='bbox 490 4321 547 4371; x_wconf 75' lang='lat' dir='ltr'>Dat</span> <span class='ocrx_word' id='word_1_256' title='bbox 565 4319 744 4372; x_wconf 49' lang='lat' dir='ltr'>Christentlvttm.</span> 
     </span>
    </p>
   </div>
   <div class='ocr_carea' id='block_1_5' title="bbox 0 0 1530 4848">
    <p class='ocr_par' dir='ltr' id='par_1_7' title="bbox 0 0 1530 4848">
     <span class='ocr_line' id='line_1_28' title="bbox 0 0 1530 4848; baseline 0 10"><span class='ocrx_word' id='word_1_257' title='bbox 0 0 1530 4848; x_wconf 95' lang='lat' dir='ltr'> </span> 
     </span>
    </p>
   </div>
  </div>
 </body>
</html>
